2664 4170
183 246 225 310 62
606 256 635 306 o.
657 255 757 305 rurnr

183 431 317 490 fluantl'
359 430 448 488 Haec
470 428 581 507 putavi
602 428 697 488 altius
713 434 745 487 et
758 428 848 505 quasi
863 447 882 487 a
895 429 985 488 fonte
1007 429 1188 507 repetenda
1208 446 1230 490 10

184 556 245 614 quo
266 536 365 611 magis
388 535 482 595 scires
506 554 599 612 quam
623 541 744 610 gratum
767 534 845 593 mihi
859 534 950 609 foret,
967 535 995 595 si
1011 535 1188 613 susciperes

184 642 267 719 quod
294 641 431 716 iniungo.
476 640 609 714 Iniungo
635 646 738 699 autem
763 646 795 699 et
819 659 875 717 pro
897 640 943 698 rei
968 641 1187 716 magnitudine

184 766 257 822 rogo
272 753 308 805 ut
322 765 361 805 ex
376 747 464 823 copia
486 746 705 819 studiosorum,
721 763 801 822 quae
816 745 856 804 ad
870 751 903 804 te
917 764 956 803 ex
979 745 1186 806 admiratione

149 852 302 927 singenii
330 852 377 910 tui
405 851 559 925 convenit,
588 850 822 928 circumspicias
857 857 1077 928 praeceptores
1110 871 1185 929 quos

185 958 354 1018 sollicitare
383 957 546 1033 possimus
577 957 634 1015 sub
662 974 699 1015 ea
725 961 830 1015 tamen
858 955 1041 1015 condicione
1069 975 1110 1016 ne
1137 955 1185 1016 cui

184 1063 278 1122 fidem
293 1082 392 1122 meam
407 1062 607 1137 obstringam.
651 1061 764 1121 Omnia
777 1061 860 1120 enim
881 1061 981 1120 libera
1000 1062 1184 1138 parentibus

185 1188 281 1229 servo.
325 1169 380 1227 1111
394 1168 543 1241 iudicent,
558 1166 606 1225 illi
621 1167 753 1243 eligant:
777 1185 833 1242 ego
848 1166 925 1225 mihi
939 1185 1048 1226 curam
1062 1173 1185 1227 tantum

184 1280 216 1334 et
238 1273 422 1351 inpendium
442 1273 575 1331 vindico.
618 1272 754 1332 Proinde
777 1272 805 1332 si
827 1271 898 1349 quis
921 1271 1020 1332 fuerit
1043 1279 1185 1350 repertus
1203 1289 1223 1332 11

137 1396 165 1440 10
184 1380 238 1457 qui
259 1379 385 1455 ingenio
401 1397 455 1437 suo
469 1377 555 1452 fidat,
571 1383 621 1436 eat
635 1377 711 1436 illuc
726 1396 763 1436 ea
776 1376 845 1452 lege
858 1383 895 1436 ut
908 1377 983 1436 hinc
996 1377 1081 1436 nihil
1101 1378 1186 1438 aliud

184 1490 302 1543 certum
317 1501 410 1560 quam
425 1482 572 1541 fiduciam
587 1501 675 1542 suam
690 1483 779 1541 ferat.
822 1481 908 1542 Vale.

584 1647 637 1706 49.
667 1643 798 1724 (rvr.)x

329 1775 359 1826 0.
383 1774 527 1825 PLINIUS
550 1773 711 1824 VALERIO
735 1774 895 1825 PAULINO
919 1774 987 1825 SUO
1011 1774 1040 1826 S.

463 1891 568 1952 Pliup’s
580 1897 687 1952 oratore
699 1893 767 1940 tries
779 1894 913 1953 appr-ocal.

226 2009 335 2070 Gaude
357 2027 433 2082 ineo,
452 2008 552 2082 gaude
573 2012 636 2081 tu0,
659 2007 758 2083 gaude
780 2007 874 2066 etiam
896 2008 1022 2085 publico
1043 2009 1214 2069 nominc:1

186 2115 287 2174 adhuc
302 2114 401 2172 honor
416 2112 529 2172 studiis
549 2113 650 2171 durat.
693 2112 838 2171 Proxime
853 2131 923 2172 cum
941 2113 1085 2174 dicturus
1105 2115 1187 2192 apud

186 2221 395 2281 centumviros
418 2240 526 2295 essem,
545 2221 680 2280 adeundi
700 2221 779 2279 mihi
800 2220 885 2280 locus
904 2220 967 2280 nisi
985 2240 1004 2280 a
1024 2220 1186 2295 tribimali,

138 2345 165 2389 15
185 2326 248 2386 nisi
272 2345 328 2402 per
348 2327 432 2403 ipsos
454 2326 571 2386 iudices
593 2345 655 2385 non
676 2327 754 2384 fuit:
784 2331 873 2385 tanta
894 2325 1065 2402 stipatione
1086 2331 1189 2385 cetera

186 2432 381 2491 tenebantur.
423 2432 475 2490 Ad
499 2431 557 2490 hoc
579 2432 705 2508 quidam
727 2437 854 2490 ornatus
876 2430 1060 2491 adulescens
1083 2431 1217 2491 scissisr

185 2537 311 2611 tunicis,
336 2546 371 2596 ut
399 2537 432 2594 in
459 2536 638 2613 frequentia
665 2537 744 2597 solet
771 2536 849 2610 fieri,
874 2535 940 2596 sola
963 2535 1089 2598 velatus
1116 2542 1190 2614 toga

187 2642 336 2720 perstitit,
359 2648 390 2701 et
415 2642 540 2718 quidem
564 2641 648 2701 horis
672 2647 799 2718 septem.
843 2643 924 2700 Nam
950 2646 1016 2700 tam
1040 2641 1099 2700 diu
1122 2642 1188 2702 dixi

188 2767 299 2822 magno
313 2767 384 2807 cum
398 2748 513 2821 labore,
529 2747 644 2806 maiore
659 2766 729 2806 cum
748 2748 862 2806 fructu.
906 2747 1096 2809 Studeamus
1117 2766 1189 2823 ergo
1206 2756 1218 2801 3

139 2872 168 2917 20
188 2872 244 2912 nec
269 2853 407 2912 desidiae
432 2858 556 2912 nostrae
581 2853 821 2930 praetendamus
842 2852 984 2911 alienam.
1029 2852 1111 2912 Sunt
1136 2852 1189 2930 qui

188 2959 416 3032 audiant,·sunt
433 2958 487 3034 qui
508 2959 623 3034 legant,
639 2978 695 3018 nos
713 2959 803 3017 modo
821 2958 950 3033 dignum
972 2956 1096 3034 aliquid
1113 2958 1191 3018 auri-

188 3065 255 3138 bus
270 3064 400 3139 dignum
414 3063 532 3123 chartis
548 3063 747 3123 elaboremus
790 3063 876 3123 Vale.

581 3231 633 3291 50.
662 3229 796 3307 (nvn.)

376 3358 405 3408 Ο.
428 3358 572 3407 PLINIUS
594 3358 718 3407 ASINIO
743 3357 862 3407 GALLO
887 3356 953 3407 SUO
977 3356 1003 3407 S.

317 3476 403 3536 Pliny
416 3476 575 3525 undertakes
587 3476 629 3525 tte
641 3489 700 3525 case
712 3475 744 3537 of
756 3474 913 3524 Corellius's
924 3473 1064 3536 dancmar.

229 3590 271 3648 Et
296 3590 442 3649 admones
466 3596 497 3649 et
521 3609 610 3666 rogas
632 3596 668 3649 ut
693 3590 860 3666 suscipiam
885 3607 1009 3648 causam
1036 3588 1226 3650 Corellia-el

190 3695 329 3759 absentis
364 3700 471 3755 contra
505 3695 536 3760 O.
572 3696 751 3769 Caecilium,
786 3694 944 3761 consulem
980 3693 1194 3778 designatum.
