2664 4170
188 284 253 348 12⁸2
612 295 644 345 c.
663 294 764 345 rimu

188 468 340 544 rescripto
362 467 513 542 intellego
532 467 685 526 libentius
703 467 765 527 hoc
784 467 815 526 ei
834 473 867 526 te
887 467 1110 544 praestitisse,
1133 469 1211 546 quia

188 593 245 650 pro
258 592 308 631 me
323 573 461 647 rogelim
503 574 622 632 Videor
633 591 709 648 ergo
721 591 876 632 summam
889 572 960 632 voti
973 573 1042 632 mei
1056 592 1210 634 oonseeu·
1228 589 1243 634 2

187 690 249 752 tus,
259 699 331 737 cum
346 680 429 737 inter
443 680 535 737 initia
549 678 728 738 felicissimi
740 678 937 756 principatus
949 678 1001 738 tui
1012 680 1208 757 probaveris

188 803 238 843 me
259 785 300 843 ad
320 784 509 861 peculiarem
529 784 760 860 indulgentiam
779 790 868 844 tuam
887 784 1073 862 pertinere;
1104 805 1208 864 eoque

152 902 169 945 5
188 892 288 966 magis
304 890 420 949 liberos
439 890 634 967 concupisco,
648 909 728 966 quos
747 889 862 949 habere
881 889 981 949 etiem
1001 890 1066 950 illo
1087 892 1210 954 tristis

188 996 268 1055 simo
281 995 406 1055 saeculo
420 995 515 1068 volui,
529 995 612 1054 sicut
630 1003 720 1072 potes
739 995 861 1056 duobus
880 995 1103 1058 matrimoniis
1124 999 1208 1059 meis

187 1101 323 1160 credere.
361 1101 424 1159 Sed
437 1101 489 1159 dei
503 1101 625 1174 melius,
639 1101 695 1177 qui
708 1101 815 1160 omnin
825 1100 950 1176 integra
962 1101 1114 1162 bonitati
1130 1110 1208 1164 tuae
1228 1118 1243 1162 s

189 1216 397 1265 reservarunt.
439 1206 541 1265 Malui
554 1205 613 1265 hoc
626 1206 733 1284 potius
745 1213 886 1284 tempore
904 1225 955 1266 me
976 1213 1113 1284 patrem
1135 1209 1209 1270 fieri

188 1330 251 1387 quo
264 1311 391 1370 futurus
405 1329 505 1370 essem
520 1320 552 1370 et
566 1329 694 1371 securus
707 1316 740 1370 et
752 1309 841 1370 felix,

593 1566 669 1627 1⁰³
697 1564 781 1645 (Π)

360 1733 392 1783 c.
416 1733 562 1784 eunus
584 1733 751 1784 ruarmo
773 1734 1016 1788 minuerem

545 1893 711 1954 ssuuhsor
720 1907 738 1942 u
744 1895 833 1955 soror.

140 2055 169 2100 10
228 2046 363 2106 Difficile
385 2053 442 2121 est,
468 2047 602 2121 domine,
626 2048 800 2126 exprimere
821 2047 926 2109 verbis
949 2056 1106 2127 quantam
1133 2065 1238 2132 per-1

188 2153 323 2229 ceperim
352 2153 515 2226 laetitiam,
543 2153 628 2230 quod
649 2158 682 2213 et
708 2153 788 2212 mihi
814 2160 847 2214 et
870 2155 971 2214 socrui
993 2174 1084 2216 meae
1112 2178 1204 2236 prae

189 2257 301 2317 stitisti
326 2264 362 2316 ut
389 2257 524 2316 adfinem
549 2258 616 2318 eius
644 2259 784 2319 Caelium
812 2260 1004 2321 Clementem
1040 2261 1076 2320 in
1113 2263 1201 2325 hane

188 2363 381 2439 provinciam
407 2364 604 2423 transferres.
646 2365 696 2422 Ex
720 2365 777 2424 illo
797 2366 882 2425 enim
902 2385 1082 2426 mensuram
1104 2369 1238 2430 bene-2

188 2466 251 2526 fieii
266 2468 312 2526 tui
328 2468 453 2545 penitus
472 2469 630 2544 intellego,
645 2489 716 2528 oum
732 2476 797 2529 tam
818 2470 943 2548 plenam
960 2471 1200 2549 indulgentiam

140 2583 168 2628 15
188 2592 258 2632 eum
273 2580 340 2633 tota
357 2574 448 2633 domo
464 2593 534 2634 mea
552 2576 703 2653 experiar,
719 2576 769 2636 eui
789 2577 906 2637 referre
927 2577 1062 2653 gratiam
1083 2598 1200 2657 parem

188 2696 228 2737 ne
253 2679 351 2738 audeo
372 2679 507 2755 quidem,
523 2681 667 2758 quamvis
691 2681 826 2742 maxime
847 2682 972 2759 possim.
1014 2683 1134 2763 Itaque
1156 2688 1200 2748 ad

189 2789 263 2842 vota
276 2784 423 2860 confugio
440 2785 576 2862 deosque
595 2805 703 2863 precor
716 2792 752 2846 ut
770 2787 816 2848 eis
833 2807 913 2865 quae
933 2788 968 2847 in
987 2807 1037 2848 me
1059 2790 1199 2854 adsidue

189 2890 312 2950 confers
328 2909 389 2949 non
404 2890 552 2967 indignus
566 2892 735 2951 existimer.

575 3147 649 3209 roe
679 3145 804 3227 (exv.)

361 3315 390 3365 c.
416 3314 560 3364 enimus
583 3315 748 3365 Turrino
771 3283 1039 3368 inenuaroe1.'

485 3472 538 3523 The
544 3473 706 3535 souedlinps
717 3475 747 3524 in
759 3474 897 3536 Bithynia.

232 3621 356 3697 Magne,
386 3621 518 3698 domine,
547 3629 579 3683 et
606 3625 646 3683 ad
675 3629 773 3684 totam
806 3625 998 3702 provinciam
1030 3627 1234 3705 pertinensl

143 3736 172 3783 20
192 3724 333 3804 quaestio
347 3733 395 3788 est
410 3726 447 3788 de
459 3727 640 3791 condicione
654 3734 686 3790 et
700 3730 859 3794 alimentis
870 3751 976 3793 eorum
990 3751 1068 3812 quos
1080 3743 1200 3799 vocant
