2664 4170
187 270 227 332 18
614 281 643 332 e.
665 283 764 333 rnnn

186 455 310 512 inanem
338 455 478 513 umbram
501 460 532 513 et
554 455 621 514 sine
645 456 761 515 honore
789 476 900 517 nomen
930 477 970 517 an
999 466 1187 537 potestatem

187 567 413 618 sacrosanctam
429 566 461 618 et
475 579 567 636 quarn
588 561 620 618 in
641 561 781 619 ordinem
801 563 868 637 cogi
886 568 921 622 ut
938 584 957 624 a
979 565 1071 624 nullo
1090 566 1137 626 ita
1152 586 1188 625 ne

186 684 204 722 a
218 683 251 723 se
266 665 392 741 quidem
408 666 523 723 (laceat.
560 665 633 742 Ipse
648 684 717 724 cunr
733 666 878 726 tribunus
894 687 1005 744 essem,
1021 673 1187 731 erraverim
1205 678 1218 721 2

186 770 319 827 fortasse
334 771 388 845 qui
410 789 458 828 1116
480 770 601 846 aliquid
621 771 739 847 putavi,
755 772 810 831 sed
831 779 991 850 tamquam
1014 795 1127 851 essem,
1143 779 1189 837 ab

151 893 165 934 5
187 875 283 933 stinui
299 875 401 934 causis
416 875 560 949 agendis:
584 876 729 951 primunr,
745 878 828 952 quod
843 878 984 937 deforme
1004 882 1188 956 arbitrabar,

186 979 236 1038 cni
251 980 425 1054 adsurgere,
441 980 490 1037 cui
505 980 572 1038 loco
590 979 697 1039 cedere
719 982 819 1041 omnis
841 989 1007 1059 oporteret,
1024 985 1110 1046 hunc
1131 1008 1190 1047 om-

186 1086 278 1144 nibus
294 1087 473 1147 sedentibus
490 1091 589 1160 stare3
612 1087 712 1162 etqui
730 1087 835 1146 iubere
850 1096 955 1165 posset
969 1096 1074 1150 tacere
1088 1112 1190 1170 quem-

186 1211 327 1270 eumque,
336 1192 409 1250 huic
422 1190 580 1250 silentium
593 1186 758 1269 clepsydra
768 1193 882 1269 indici;
899 1201 931 1253 et
940 1214 1032 1272 quern
1043 1197 1190 1258 interfari

186 1300 276 1358 nefas
292 1307 382 1373 esset,
398 1300 479 1357 huuc
496 1296 590 1358 etia'm
610 1300 751 1359 convicia
768 1300 885 1374 audire,
901 1306 932 1359 et
947 1300 974 1360 si
989 1301 1093 1361 inulta
1108 1310 1191 1380 pate-

138 1411 281 1478 leretur,
304 1404 443 1476 inertem,
467 1405 493 1463 si
515 1405 726 1478 ulcisceretur,
749 1404 934 1464 insolentem
957 1406 1066 1465 videri.
1113 1410 1191 1468 Erat
1210 1418 1223 1462 3

186 1510 237 1568 hic
252 1528 374 1587 quoque
389 1515 493 1568 aestus
509 1515 581 1568 ante
597 1510 710 1583 oculos,
727 1509 753 1569 si
770 1510 851 1568 forte
867 1529 916 1568 1116
931 1510 1127 1587 appellasset
1141 1514 1191 1573 vel

187 1614 240 1673 ille
262 1616 312 1673 cui
335 1617 475 1674 adessem
498 1615 547 1673 vel
573 1614 628 1673 1116
650 1633 740 1691 quem
767 1621 884 1688 eontra,
910 1615 1139 1677 intercederem
1160 1626 1192 1678 et

187 1720 339 1779 auxilium
361 1720 485 1794 ferrem,
501 1739 541 1779 an
556 1720 745 1797 quiescerem
769 1720 955 1798 sileremque
972 1727 1004 1780 et
1018 1724 1110 1799 quasi
1130 1725 1193 1808 etiu-

187 1831 254 1883 rato
269 1825 455 1900 magistratu
469 1826 625 1902 privatum
640 1825 707 1901 ipse
728 1844 778 1883 me
799 1826 943 1884 facerem.
987 1827 1049 1887 His
1064 1829 1192 1889 rationi·
1211 1843 1226 1887 4

140 1947 166 1991 15
187 1930 244 1989 bus
266 1931 490 2004 motus‚1nalui
510 1949 558 1988 1116
580 1930 740 1989 tribunum
762 1931 904 1990 omnibus
927 1931 1073 1992 exhibere
1095 1954 1192 2011 quam

187 2035 294 2112 paucis
310 2037 502 2094 advocatum.
548 2036 609 2094 Sed
630 2041 673 2110 tu,
690 2036 803 2094 iterum
826 2037 936 2110 dicam,
951 2037 1126 2114 plurimum
1148 2041 1192 2100 in·
1211 2054 1225 2098 5

187 2146 285 2200 terest
305 2141 382 2217 quid
402 2159 470 2200 esse
492 2140 684 2199 tribunatum
707 2146 807 2217 putes,
830 2161 922 2218 quam
942 2161 1109 2219 personam
1132 2146 1191 2205 tibi

187 2244 327 2323 inponas,
344 2265 423 2323 quae
438 2245 573 2323 sapienti
587 2246 655 2304 viro
672 2245 717 2305 ita
736 2247 874 2322 aptanda
888 2253 937 2306 est
951 2252 986 2306 ut
1000 2250 1189 2325 perferatur.

187 2351 272 2410 Vale.
1204 2392 1268 2484 s

571 2532 622 2591 17.
653 2529 799 2609 (xxiv.)

345 2689 374 2739 C.
401 2689 545 2740 PLINIUS
568 2689 703 2738 BAEBIO
727 2689 885 2740 HISPANO
909 2689 975 2740 SUO
1000 2691 1026 2742 S.

392 2835 537 2886 Suetonius
555 2837 647 2886 wishes
666 2843 691 2886 to
710 2837 761 2897 trip
779 2851 795 2886 a
814 2838 881 2886 little
893 2838 977 2900 soror.

138 3006 167 3051 20
227 2981 437 3058 Tranquillus,
460 2981 690 3041 contubernalis
712 3000 808 3056 mene,
832 2981 900 3041 vult
920 3001 1021 3041 emere
1049 2985 1189 3059 agellum
1211 3001 1222 3043 1

187 3106 278 3164 quem
293 3086 455 3145 venditare
471 3087 587 3146 amicus
602 3093 675 3146 tuus
691 3087 814 3146 dicitur.
857 3088 945 3162 Rogo
966 3106 1055 3149 cures
1075 3092 1189 3167 quanti
1209 3104 1224 3148 2

186 3211 293 3252 aecum
322 3197 370 3250 est
398 3198 497 3251 emat:
538 3192 584 3251 ita
619 3192 702 3250 enim
731 3193 900 3252 delectabit
927 3192 1047 3253 emisse.
1101 3196 1188 3256 Nam

186 3297 268 3357 mala
295 3297 412 3375 emptio
440 3316 561 3374 semper
584 3297 715 3372 ingrata,
738 3316 773 3355 eo
801 3298 945 3373 maxime,
967 3299 1051 3375 quod
1078 3319 1188 3378 expro

185 3403 274 3462 brare
296 3403 464 3462 stultitiam
486 3402 611 3461 domino
632 3375 784 3493 videtur]
808 3403 846 3460 In
868 3404 925 3462 hoc
947 3410 1051 3463 autern
1073 3405 1185 3482 agello,
1206 3423 1222 3468 3

136 3533 165 3577 25
186 3507 213 3566 si
240 3509 331 3567 modo
359 3507 505 3567 adriserit
532 3508 677 3584 pretium,
700 3507 876 3585 Tranquilli
900 3509 962 3567 mei
990 3510 1184 3570 stomachum

185 3612 285 3672 multa
306 3613 485 3687 sollicitant,
508 3613 653 3672 vicinitas
675 3613 770 3687 urbis,
786 3614 1002 3690 opportunitas
1024 3615 1102 3690 viae,
1124 3635 1185 3675 me-

185 3717 332 3777 diocritas
360 3718 464 3793 villae,
489 3719 599 3778 modus
627 3717 717 3790 ruris,
743 3718 798 3795 qui
826 3725 934 3778 avocet
961 3719 1061 3797 magis
1089 3740 1183 3798 quarn
