2664 4170
226 268 266 330 38
653 276 682 327 c.
703 277 822 328 mnu.

224 451 293 523 erit,
319 468 358 508 ne
383 448 561 526 praecipere
584 448 736 507 videatur.
780 449 920 509 Peractis
950 457 1077 528 septem
1108 454 1256 516 milibusr

224 575 372 633 passuum
400 556 513 612 iterum
542 553 683 612 ambulat
710 553 806 628 mille,
832 554 946 613 iterum
975 557 1093 617 residit
1124 559 1175 618 vel
1201 578 1230 619 00

224 659 365 719 cubiculo
380 678 415 718 ac
431 658 504 718 stilo
519 658 630 717 reddit.
667 658 781 718 Scribit
795 656 888 734 enim',
904 666 937 719 et
952 661 1084 738 quidem
1100 670 1229 741 utraque

224 765 339 840 lingua,
362 764 461 841 lyrica
483 763 679 822 doctissima:
709 763 789 822 mira
809 763 874 824 illis
896 765 1039 841 dulcedo,
1063 769 1147 827 mira
1168 789 1229 829 sua

188 871 314 943 svitas²
343 869 422 928 mira
449 869 604 941 hilaritas
634 868 722 927 cuius
751 869 883 944 gratiam
911 870 1055 930 cumulat
1077 874 1227 933 sanctitas

224 975 397 1034 scribentis.
442 974 506 1034 Ubi
531 973 608 1032 hora
635 973 752 1033 balinei
779 974 924 1034 nuntiata
951 981 1000 1034 cst
1032 976 1096 1055 (000
1126 985 1254 1043 autema

222 1081 324 1138 hieme
346 1097 436 1153 nona,
455 1083 573 1137 aestate
596 1080 730 1159 octava),
746 1078 779 1136 in
801 1078 874 1154 sole,
890 1079 917 1139 si
937 1086 1025 1140 caret
1048 1088 1155 1158 vente,
1171 1103 1227 1142 am-

222 1186 310 1244 bulat
331 1185 441 1243 nudus.
484 1183 606 1241 Deinde
628 1189 770 1242 movetur
791 1183 857 1261 pila
877 1184 1081 1245 vehementer
1103 1192 1138 1246 et
1159 1189 1225 1247 diu:

222 1310 293 1349 nam
309 1290 367 1348 hoc
382 1308 504 1366 quoque
519 1288 752 1347 exercitationis
773 1307 885 1364 genere
902 1296 1022 1367 pugnat
1038 1311 1111 1350 cum
1127 1312 1227 1354 senec

136 1454 151 1470 ,,
174 1412 202 1455 10
222 1401 297 1453 tute.
340 1395 438 1453 Lotus
458 1385 586 1453 accubat
601 1399 633 1451 00
647 1393 806 1471 paulisper
825 1394 929 1453 cibum
950 1395 1077 1456 differt:
1100 1397 1226 1458 interim

222 1501 310 1559 audit
331 1500 486 1575 legentem
507 1498 668 1557 remissius
693 1498 814 1575 aliquid
841 1503 873 1558 et
901 1499 1033 1560 dulcius.
1079 1504 1143 1562 Per
1171 1505 1226 1563 hoc

222 1624 311 1664 omne
339 1611 463 1681 tempus
492 1604 624 1662 liberum
646 1609 694 1663 est
715 1603 825 1662 amicis
846 1604 895 1663 vel
917 1605 1026 1664 eadem
1048 1607 1157 1667 facere
1178 1608 1226 1667 vel

222 1712 292 1785 alia,
309 1711 336 1770 si
351 1709 469 1768 malint.
513 1709 692 1786 Adpcnitur
707 1727 783 1768 cena
797 1728 859 1768 non
880 1709 984 1770 minus
1005 1711 1112 1773 nitida
1133 1725 1256 1792 quaint

221 1816 306 1891 frugi
321 1816 354 1873 in
368 1820 496 1889 argento
507 1833 584 1891 puro
599 1820 631 1872 et
645 1813 789 1891 antiquo:
807 1815 925 1874 suntin
934 1835 994 1875 usu
1005 1822 1037 1875 et
1050 1817 1225 1895 Corinthia,

174 1940 201 1984 15
222 1921 334 1999 quibus
363 1919 537 1979 delectatur
564 1937 621 1977 000
649 1919 802 1977 adficitur.
852 1921 1046 1997 Frequenter
1069 1925 1226 1985 comoedis

221 2045 297 2085 cena
324 2024 538 2099 distinguitur,
563 2029 599 2083 ut
623 2023 801 2101 voluptates
826 2043 949 2102 quoque
977 2027 1095 2087 studiis
1123 2030 1228 2089 condi·

221 2138 322 2191 antur.
367 2130 469 2190 Sumit
489 2129 610 2207 aliquid
631 2129 668 2187 de
690 2135 779 2188 nocte
801 2135 833 2188 et
854 2135 988 2189 aestate:
1019 2134 1143 2193 nemini
1168 2135 1227 2194 hoc

222 2239 349 2313 longum
377 2241 441 2310 est;
470 2241 559 2293 tanta
586 2234 733 2293 comitate
754 2234 932 2293 convivium
954 2236 1101 2297 trahitur.
1146 2240 1226 2300 Inde
1246 2252 1269 2297 10

221 2343 269 2401 illi
298 2347 368 2419 post
397 2341 564 2417 septimum
592 2345 623 2398 et
652 2340 916 2417 septuagesimum
947 2359 1064 2400 annum
1101 2345 1227 2404 aurium

172 2463 202 2507 20
221 2453 380 2511 oculorum
407 2453 496 2527 vigor
524 2453 652 2529 integer,
675 2453 748 2512 inde
777 2453 858 2528 agile
886 2459 918 2513 et
941 2454 1082 2513 vividum
1113 2475 1226 2534 corpus

222 2558 348 2635 solaque
364 2577 402 2616 ex
417 2564 574 2617 senectute
590 2559 764 2635 prudentia.
807 2559 900 2618 Hanc
920 2578 976 2634 ego
991 2559 1089 2618 vitam
1105 2567 1181 2620 voto
1196 2567 1227 2620 et
1245 2572 1269 2616 11

222 2664 409 2738 cogitatione
423 2683 596 2740 praesumo,
612 2664 808 2739 ingressurus
830 2665 1019 2738 avidissime,
1034 2671 1071 2724 ut
1085 2666 1226 2742 primum

221 2769 301 2827 ratio
326 2769 438 2828 aetatis
460 2769 599 2846 receptui
621 2788 730 2827 canere
751 2769 936 2846 permiserit.
980 2769 1115 2829 Interim
1138 2770 1226 2831 mille

221 2874 379 2933 laboribus
391 2879 540 2947 conteror,
553 2893 684 2950 quorum
700 2874 777 2932 mihi
793 2880 825 2933 et
839 2875 988 2934 solacium
1000 2881 1032 2933 00
1043 2877 1223 2953 exemplum

172 2992 201 3036 25
222 2985 269 3037 est
292 2979 374 3037 idem
398 2979 570 3055 Spurinna:
601 2999 672 3038 nam
701 2980 756 3037 ille
778 2998 909 3056 quoque,
932 2980 1034 3057 quoad
1055 2979 1225 3041 honestum

221 3084 293 3157 fuit,
318 3083 396 3142 obiit
424 3083 532 3157 officia,
561 3085 657 3159 gessit
686 3084 896 3159 magistratus,
925 3084 1103 3161 provincias
1132 3086 1224 3160 rexit,

222 3189 382 3265 multoque
397 3188 501 3247 labore
516 3189 574 3247 hoc
589 3190 687 3247 otium
702 3189 823 3248 meruit.
867 3190 971 3265 Igitur
989 3190 1121 3248 eundem
1145 3190 1225 3249 mihi
1246 3196 1271 3240 12

222 3313 355 3367 cursum,
371 3295 504 3352 eundem
519 3295 686 3353 terminum
709 3300 820 3368 statue,
837 3294 930 3371 idque
952 3294 1014 3353 iam
1036 3314 1118 3353 nunc
1141 3295 1226 3373 apud

222 3406 253 3457 te
276 3399 491 3473 subsignant,
508 3400 534 3459 si
555 3419 604 3457 me
626 3399 748 3474 longius
771 3400 860 3458 evehi
876 3400 1002 3473 videris
1017 3399 1052 3457 in
1066 3400 1116 3459 ius
1131 3419 1225 3460 voces

175 3518 203 3563 30
223 3506 263 3562 ad
277 3505 356 3563 hanc
374 3505 542 3581 epistulam
564 3524 664 3563 meam
687 3512 719 3564 et
741 3504 899 3582 quiescere
921 3504 1037 3580 iubeas,
1053 3523 1124 3563 cum
1146 3506 1225 3564 iner-

223 3609 285 3667 tiae
299 3609 417 3667 crimen
432 3609 576 3684 effugero.
619 3609 706 3669 Vale.
