2664 4170
502 818 644 882 LIBER
675 816 898 896 QUINTUS.

612 1056 664 1116 55.
694 1053 748 1134 (Ι.)

356 1214 385 1263 C.
411 1212 555 1262 PLINIUS
577 1212 691 1261 ANNIO
716 1212 858 1263 SEVERO
882 1212 950 1263 SUO
975 1213 1003 1264 S.

417 1361 480 1421 Why
493 1361 575 1419 Pliny
586 1373 641 1408 eccs
650 1360 740 1420 proca
754 1360 786 1422 os
796 1361 837 1409 his
851 1316 948 1423 lecccy.

222 1508 374 1581 Legatum
384 1505 462 1562 mihi
472 1504 601 1563 obvenit
612 1504 768 1563 modicum
781 1505 835 1564 sed
844 1505 1044 1583 amplissimo
1055 1511 1184 1584 gratius.
1204 1515 1213 1558 1

182 1614 244 1672 Cur
255 1611 448 1687 arnplissimo
460 1609 604 1683 gratius?
626 1610 800 1686 Pomponia
810 1610 904 1671 Galla
915 1612 1111 1675 exheredato
1123 1615 1186 1674 filio

181 1718 302 1777 Asudio
312 1715 445 1776 Curiano
457 1715 603 1772 heredem
619 1714 790 1791 reliquerat
803 1735 860 1790 me,
874 1717 1004 1777 dederat
1015 1720 1185 1781 coheredes

183 1823 353 1882 Sertorium
374 1823 531 1894 Severum,
551 1820 741 1896 praetorium
758 1820 869 1895 virum,
887 1821 1032 1900 aliosque
1050 1827 1187 1903 splendi-

147 1940 161 1984 5
182 1929 238 1986 dos
256 1927 376 2004 equites
397 1927 561 1984 Romanos
606 1925 761 1985 Curianus
778 1927 887 1986 orabat
904 1932 938 1986 ut
955 1927 1019 1988 sibi
1036 1930 1186 1990 donarem
1203 1939 1215 1984 a

182 2034 357 2110 portionem
384 2050 483 2089 meam
513 2050 607 2106 seque
638 2030 830 2106 praeiudicio
860 2032 1018 2109 iuvarem3
1054 2036 1185 2095 eandem

182 2139 279 2196 tacita
293 2137 497 2195 conventione
514 2136 632 2194 salvam
651 2136 730 2193 mihi
747 2135 960 2212 pollicebatur.
1004 2140 1186 2217 Responde·
1203 2148 1215 2192 3

182 2244 252 2302 bam
268 2262 329 2300 nou
344 2241 508 2299 convenire
524 2242 660 2300 moribus
675 2242 753 2300 meis
771 2241 857 2300 aliud
872 2242 975 2319 palam
990 2243 1080 2303 aliud
1096 2264 1185 2321 agere

183 2354 309 2421 secreto,
322 2353 482 2423 praeterea
497 2366 559 2403 uon
574 2365 640 2405 esse
657 2347 733 2406 satis
748 2347 914 2405 honesturn
926 2347 1044 2407 donare
1059 2356 1092 2409 et
1107 2351 1186 2409 locu-

135 2470 163 2514 10
183 2453 260 2530 pleti
276 2458 307 2510 et
322 2453 404 2525 orbo,
421 2452 453 2508 in
472 2470 601 2524 summa,
618 2470 680 2509 non
695 2452 893 2527 profuturum
908 2452 945 2526 ei,
962 2453 988 2512 si
1009 2454 1185 2529 donassem,

183 2559 390 2634 profuturum,
407 2557 433 2615 si
449 2557 620 2629 cessissem,
637 2575 704 2615 csse
720 2562 824 2615 autern
841 2575 890 2615 me
905 2563 1052 2635 paratum
1066 2561 1184 2636 cedere,

183 2664 210 2722 si
228 2663 334 2738 inique
352 2663 575 2721 exheredatum
598 2663 676 2721 mihi
696 2663 838 2740 liqueret.
882 2664 934 2721 Ad
947 2663 1007 2723 hoc
1022 2664 1078 2725 ille
1094 2672 1215 2742 ‘roget

182 2769 367 2842 cognoscas)
410 2769 582 2828 Cunctatus
597 2769 724 2845 paulum
738 2774 745 2803 ‘
754 2770 883 2828 faciam'
898 2769 1043 2846 inquam:
1069 2777 1185 2850 ‘neque

183 2874 266 2932 euim
282 2874 373 2931 video
387 2892 441 2931 cur
456 2873 523 2949 ipse
538 2892 587 2932 me
599 2874 749 2932 minorem
764 2880 871 2950 putem
883 2894 976 2952 quam
990 2875 1052 2935 tibi
1067 2877 1184 2936 videor.

135 2991 161 3034 15
183 2980 244 3038 Sed
259 2981 320 3038 iam
337 2999 418 3038 nunc
430 2985 585 3038 memento
599 2999 662 3038 non
674 2980 853 3038 defuturam
868 2980 946 3039 mihi
961 2983 1184 3057 constantiam,

183 3086 209 3145 si
221 3086 354 3145 italides
368 3087 503 3158 duxerit,
513 3087 682 3145 secundum
697 3093 827 3145 matrem
839 3092 925 3146 tuam
937 3088 1184 3164 pronuntiandi?

183 3193 247 3251 ‘Ut
269 3192 370 3250 voles'
390 3192 450 3250 ait:
475 3192 577 3250 ‘voles
596 3192 678 3250 enim
698 3192 780 3266 quod
801 3192 1044 3269 aequissimum!
1087 3193 1216 3252 Atti-⁵

181 3296 234 3355 bui
256 3297 288 3354 in
308 3297 474 3355 consilium
494 3298 570 3356 duos
585 3316 662 3374 quos
681 3303 755 3355 tunc
771 3298 884 3357 civitas
901 3303 1009 3357 nostra
1024 3300 1186 3375 spectatis

182 3402 276 3461 simos
292 3403 411 3475 habuit,
428 3403 597 3462 Corellium
612 3408 643 3461 et
658 3403 852 3461 Frontinum.
895 3403 957 3462 His
972 3403 1186 3464 circumdatus

132 3515 162 3559 20
182 3507 214 3565 in
231 3508 373 3566 cubiculo
390 3527 458 3566 meo
481 3509 554 3567 sedi.
598 3509 689 3567 Dixit
704 3509 858 3568 Curianus
877 3527 957 3585 quae
974 3527 1033 3585 pro
1049 3527 1084 3568 se
1098 3517 1187 3587 puta
1204 3517 1217 3562 6

181 3612 243 3671 bat.
286 3613 446 3689 Respondi
466 3614 573 3689 paucis
589 3633 662 3689 eg03
684 3614 883 3691 nequeenim
903 3613 1012 3674 aderat
1031 3613 1115 3677 alius
1131 3616 1187 3693 qui

181 3716 349 3776 defunctae
364 3718 514 3793 pudorem
530 3724 685 3777 tueretur:
709 3719 821 3779 deinde
834 3719 949 3780 secessi
960 3724 992 3778 et
1006 3737 1046 3778 ex
1060 3720 1188 3782 consilii
