2664 4170
475 282 738 333 arrsrunnuuu
761 282 838 332 v111.
859 283 884 332 a.
1114 268 1177 332 105

175 472 379 531 exseramque
400 454 433 512 in
455 454 570 514 librum
590 460 678 515 tuum
694 455 743 514 ius
758 455 841 531 quod
855 453 982 528 dedisti,
997 472 1034 513 eo
1047 452 1177 513 liberius

175 560 261 637 quod
279 560 359 618 nihil
378 579 418 619 ex
435 560 513 620 meis
530 560 657 619 interim
679 560 831 620 missurus
850 579 917 620 sum
935 558 995 619 tibi
1013 558 1047 618 in
1064 577 1125 636 quo
1145 563 1178 618 te

174 664 345 725 ulciscaris.
388 665 474 725 Vale.

575 827 627 889 as.
656 825 777 907 (mn.)

417 995 446 1046 C.
473 996 617 1046 PLINIUS
641 995 796 1046 ROMANO
820 996 887 1046 SUO
910 995 938 1046 S.

450 1154 502 1203 Ite
515 1167 607 1204 source
619 1154 651 1216 os
658 1154 701 1204 tlte
717 1153 878 1204 Clitumnus.

139 1314 152 1358 1
214 1298 374 1359 Vidistine
390 1298 560 1376 aliquando
578 1298 773 1359 Clitumnum
794 1297 940 1356 fontem?
984 1298 1017 1358 Si
1039 1299 1177 1358 nondum

176 1403 223 1483 (et
246 1409 321 1480 puto
343 1404 496 1478 nondum;
529 1403 647 1480 alioqui
675 1422 834 1462 narrasses
861 1403 963 1484 mihi),
982 1403 1063 1477 vide,
1085 1417 1212 1480 querno

138 1519 153 1562 2
175 1528 233 1584 ego
255 1508 411 1588 (paenitet
432 1508 605 1588 tarditatis)
628 1508 769 1586 proxime
791 1508 865 1567 ridi.
923 1508 1066 1568 Modicus
1087 1508 1177 1568 collis

175 1615 327 1689 adsurgit,
343 1615 474 1691 antiqua
494 1632 640 1691 cupresso
661 1632 842 1673 nemorosus
864 1620 896 1673 ct
917 1633 1039 1691 opacus.
1082 1615 1178 1673 Hunc

175 1720 283 1779 subter
307 1719 375 1778 exit
403 1719 474 1778 fons
498 1724 530 1777 et
553 1719 740 1796 exprimitur
768 1719 910 1797 pluribus
933 1719 1025 1779 venis·
1051 1720 1107 1779 sed
1134 1719 1178 1778 in-

122 1876 126 1881 .
174 1824 312 1902 paribus²
328 1823 545 1900 eluctatusque
569 1842 661 1899 quem
689 1823 768 1882 facit
792 1825 948 1899 gurgitem
969 1825 1033 1883 lato
1061 1824 1177 1899 gremio

174 1929 310 2008 patescit
331 1948 427 2006 purus
449 1935 481 1988 et
502 1929 632 2003 vitreus,
654 1935 689 1988 ut
710 1948 872 1989 numerare
901 1930 998 1990 iactas
1024 1931 1121 2008 stipes
1146 1936 1178 1989 et
1199 1947 1228 1992 10

139 2047 155 2092 3
175 2035 344 2094 relucentis
361 2035 496 2094 calculos
516 2035 626 2112 possis.
670 2035 750 2093 Inde
769 2054 832 2094 non
851 2035 911 2094 loci
927 2036 1105 2095 devexitate
1123 2036 1178 2096 sed

175 2141 245 2218 ipsa
263 2140 312 2200 sui
331 2140 421 2217 copia
436 2146 468 2199 et
489 2139 578 2217 quasi
600 2140 736 2217 pondere
758 2140 928 2217 inpellitur.
972 2143 1056 2201 Fons
1076 2142 1178 2202 adhuc

175 2252 208 2305 et
222 2246 285 2305 iam
300 2245 528 2322 amplissimum
542 2245 659 2303 flumen
676 2250 770 2322 atque
787 2245 882 2304 etiam
897 2246 1026 2306 navium
1045 2247 1176 2324 patiens,

176 2371 254 2430 quas
268 2350 376 2411 obvias
391 2356 557 2428 quoquest
571 2351 727 2410 contrario
741 2351 813 2411 nisu
827 2351 861 2410 in
875 2351 1001 2412 diversa
1014 2353 1177 2412 tendentes

175 2457 366 2518 transmittit
387 2462 419 2514 et
440 2457 568 2533 perfert,
585 2457 661 2515 adeo
679 2457 803 2516 validus
822 2463 858 2516 ut
879 2457 936 2517 illa
956 2477 1018 2534 qua
1033 2463 1179 2535 properat
1199 2471 1227 2516 15

177 2562 254 2639 ipse,
277 2580 466 2639 quamquam
486 2580 542 2638 per
570 2561 670 2620 solum
695 2562 833 2639 planum,
857 2562 951 2622 remis
972 2582 1034 2622 non
1055 2563 1179 2622 adiuve-

176 2672 237 2741 tur,
253 2667 336 2726 idem
353 2667 522 2741 aegerrime
544 2666 637 2726 remis
656 2666 820 2744 contisque
839 2673 1002 2745 superetur
1020 2668 1176 2728 adversus.

141 2780 158 2826 4
177 2772 353 2832 Iucundum
368 2778 533 2848 utrumque
548 2790 603 2848 per
617 2771 719 2831 iocum
736 2772 907 2849 ludumque
921 2773 1127 2849 fluitantibus,
1141 2779 1178 2834 ut

177 2877 323 2937 flexerint
332 2896 464 2951 cursum,
473 2876 611 2936 laborem
619 2877 692 2952 otio,
703 2877 802 2936 otium
812 2877 916 2937 labore
925 2878 1054 2937 variare.
1077 2878 1178 2956 Ripae

177 2983 303 3042 fraxino
324 2981 432 3057 multa,
447 2981 547 3041 multa
562 2983 678 3060 populo
696 2983 882 3058 vestiuntur,
901 3002 978 3060 quas
996 2984 1178 3061 perspicuus
1199 3000 1228 3046 uo

178 3088 278 3148 amnis
293 3093 329 3146 ut
343 3105 460 3146 mersas
476 3087 570 3166 viridi
584 3087 721 3162 imagine
732 3089 924 3148 adnumerat.
967 3089 1066 3164 Rigor
1080 3107 1179 3167 aquae

142 3205 157 3249 s
178 3193 346 3253 certaverit
370 3192 504 3267 nivibus,
528 3211 584 3252 nec
609 3193 693 3252 color
717 3193 807 3253 cedit.
865 3193 999 3254 Adiacet
1025 3195 1179 3272 templum

178 3299 313 3376 priscum
330 3303 361 3357 et
376 3297 573 3372 religiosum:
597 3303 660 3358 stat
672 3299 849 3358 Clitumnus
864 3298 931 3376 ipse
946 3300 1080 3359 amictus
1095 3319 1180 3359 orna-

177 3409 290 3481 tusque
305 3408 484 3481 praetexta:
508 3421 654 3480 praeseus
668 3384 784 3461 numen
795 3410 889 3481 atque
904 3405 998 3466 etiam
1012 3405 1179 3466 fatidicum

178 3509 320 3569 indicant
335 3516 442 3568 sortes.
486 3509 602 3585 Sparsa
617 3514 690 3568 sunt
705 3509 787 3568 circa
804 3510 919 3570 sacella
934 3512 1094 3589 complura
1109 3512 1180 3572 toti·
1199 3527 1228 3573 25

178 3616 310 3692 demque
326 3614 385 3673 dei.
429 3614 491 3674 Sua
505 3614 616 3692 cuique
630 3615 799 3690 veneratio,
815 3613 905 3675 sunni
919 3636 1041 3692 nomen,
1056 3618 1180 3694 quibus-

179 3721 249 3780 dam
258 3738 333 3779 vero
344 3719 440 3779 etiam
448 3719 560 3780 fontes.
590 3721 674 3780 Nam
683 3726 808 3798 praeter
817 3721 907 3781 illmn
917 3722 1006 3801 quasi
1018 3729 1179 3801 parentem
