<?xml version="1.0" encoding="UTF-8"?>
<!DOCTYPE html PUBLIC "-//W3C//DTD XHTML 1.0 Transitional//EN"
    "http://www.w3.org/TR/xhtml1/DTD/xhtml1-transitional.dtd">
<html xmlns="http://www.w3.org/1999/xhtml" xml:lang="en" lang="en">
 <head>
  <title>
</title>
<meta http-equiv="Content-Type" content="text/html;charset=utf-8" />
  <meta name='ocr-system' content='tesseract 3.04.00' />
  <meta name='ocr-capabilities' content='ocr_page ocr_carea ocr_par ocr_line ocrx_word'/>
</head>
<body>
  <div class='ocr_page' id='page_1' title='image "./cplinisecundiep02plingoog_0157.png"; bbox 0 0 2664 4170; ppageno 0'>
   <div class='ocr_carea' id='block_1_1' title="bbox 187 244 760 314">
    <p class='ocr_par' dir='ltr' id='par_1_1' title="bbox 187 244 760 314">
     <span class='ocr_line' id='line_1_1' title="bbox 187 244 760 314; baseline -0.002 -3"><span class='ocrx_word' id='word_1_1' title='bbox 187 244 250 314; x_wconf 89' lang='lat'>108</span> <span class='ocrx_word' id='word_1_2' title='bbox 609 258 639 312; x_wconf 87' lang='lat' dir='ltr'>c.</span> <span class='ocrx_word' id='word_1_3' title='bbox 660 257 760 311; x_wconf 79' lang='lat' dir='ltr'>mnu</span> 
     </span>
    </p>
   </div>
   <div class='ocr_carea' id='block_1_2' title="bbox 138 432 1211 1458">
    <p class='ocr_par' dir='ltr' id='par_1_2' title="bbox 138 432 1211 1458">
     <span class='ocr_line' id='line_1_2' title="bbox 185 432 1186 511; baseline -0.003 -18"><span class='ocrx_word' id='word_1_4' title='bbox 185 453 241 511; x_wconf 92' lang='lat' dir='ltr'>pro</span> <span class='ocrx_word' id='word_1_5' title='bbox 252 452 343 494; x_wconf 90' lang='lat' dir='ltr'>amne</span> <span class='ocrx_word' id='word_1_6' title='bbox 357 433 457 494; x_wconf 85' lang='lat' dir='ltr'>imber</span> <span class='ocrx_word' id='word_1_7' title='bbox 468 434 618 494; x_wconf 84' lang='lat' dir='ltr'>adsiduus</span> <span class='ocrx_word' id='word_1_8' title='bbox 629 442 661 493; x_wconf 90' lang='lat' dir='ltr'>et</span> <span class='ocrx_word' id='word_1_9' title='bbox 671 433 800 493; x_wconf 90' lang='lat' dir='ltr'>deiectis</span> <span class='ocrx_word' id='word_1_10' title='bbox 811 432 947 493; x_wconf 91' lang='lat' dir='ltr'>nubibus</span> <span class='ocrx_word' id='word_1_11' title='bbox 957 432 1115 507; x_wconf 78' lang='lat' dir='ltr'><strong>turbines,</strong></span> <span class='ocrx_word' id='word_1_12' title='bbox 1126 451 1186 510; x_wconf 87' lang='lat' dir='ltr'>pro</span> 
     </span>
     <span class='ocr_line' id='line_1_3' title="bbox 186 538 1185 617; baseline -0.002 -19"><span class='ocrx_word' id='word_1_13' title='bbox 186 545 257 599; x_wconf 88' lang='lat' dir='ltr'>ruta</span> <span class='ocrx_word' id='word_1_14' title='bbox 269 559 364 617; x_wconf 90' lang='lat' dir='ltr'>opera</span> <span class='ocrx_word' id='word_1_15' title='bbox 377 539 490 616; x_wconf 90' lang='lat' dir='ltr'>quibus</span> <span class='ocrx_word' id='word_1_16' title='bbox 505 539 642 617; x_wconf 90' lang='lat' dir='ltr'>pretiosa</span> <span class='ocrx_word' id='word_1_17' title='bbox 655 556 729 598; x_wconf 91' lang='lat' dir='ltr'>rura</span> <span class='ocrx_word' id='word_1_18' title='bbox 742 538 919 613; x_wconf 88' lang='lat' dir='ltr'>cinguntur,</span> <span class='ocrx_word' id='word_1_19' title='bbox 931 544 1086 615; x_wconf 87' lang='lat' dir='ltr'>quassata</span> <span class='ocrx_word' id='word_1_20' title='bbox 1098 544 1185 614; x_wconf 88' lang='lat' dir='ltr'>atque</span> 
     </span>
     <span class='ocr_line' id='line_1_4' title="bbox 185 643 1185 704; baseline -0.003 -1"><span class='ocrx_word' id='word_1_21' title='bbox 185 644 281 704; x_wconf 88' lang='lat' dir='ltr'>etiam</span> <span class='ocrx_word' id='word_1_22' title='bbox 292 646 423 704; x_wconf 86' lang='lat' dir='ltr'>decussa</span> <span class='ocrx_word' id='word_1_23' title='bbox 433 645 632 704; x_wconf 87' lang='lat' dir='ltr'>monimenta.</span> <span class='ocrx_word' id='word_1_24' title='bbox 672 643 769 702; x_wconf 88' lang='lat' dir='ltr'>Multi</span> <span class='ocrx_word' id='word_1_25' title='bbox 780 643 935 703; x_wconf 88' lang='lat' dir='ltr'>eiusmodi</span> <span class='ocrx_word' id='word_1_26' title='bbox 945 643 1072 704; x_wconf 90' lang='lat' dir='ltr'>casibus</span> <span class='ocrx_word' id='word_1_27' title='bbox 1085 643 1185 702; x_wconf 90' lang='lat' dir='ltr'>debili-</span> 
     </span>
     <span class='ocr_line' id='line_1_5' title="bbox 186 748 1211 826; baseline -0.003 -17"><span class='ocrx_word' id='word_1_28' title='bbox 186 751 254 824; x_wconf 90' lang='lat' dir='ltr'>tati,</span> <span class='ocrx_word' id='word_1_29' title='bbox 277 750 389 823; x_wconf 87' lang='lat' dir='ltr'>obruti,</span> <span class='ocrx_word' id='word_1_30' title='bbox 412 751 530 824; x_wconf 82' lang='lat' dir='ltr'><strong>obtriti,</strong></span> <span class='ocrx_word' id='word_1_31' title='bbox 552 757 584 809; x_wconf 91' lang='lat' dir='ltr'>et</span> <span class='ocrx_word' id='word_1_32' title='bbox 605 755 697 809; x_wconf 85' lang='lat' dir='ltr'>aucta</span> <span class='ocrx_word' id='word_1_33' title='bbox 716 749 853 808; x_wconf 91' lang='lat' dir='ltr'>luctibus</span> <span class='ocrx_word' id='word_1_34' title='bbox 875 748 999 808; x_wconf 89' lang='lat' dir='ltr'>damna.</span> <span class='ocrx_word' id='word_1_35' title='bbox 1043 749 1095 807; x_wconf 90' lang='lat' dir='ltr'>Ne</span> <span class='ocrx_word' id='word_1_36' title='bbox 1116 748 1211 826; x_wconf 73' lang='lat' dir='ltr'>quido</span> 
     </span>
     <span class='ocr_line' id='line_1_6' title="bbox 151 853 1183 932; baseline -0.003 -17"><span class='ocrx_word' id='word_1_37' title='bbox 151 872 166 915; x_wconf 79' lang='lat'>5</span> <span class='ocrx_word' id='word_1_38' title='bbox 187 856 289 915; x_wconf 91' lang='lat' dir='ltr'>simile</span> <span class='ocrx_word' id='word_1_39' title='bbox 310 855 381 916; x_wconf 89' lang='lat' dir='ltr'>istic</span> <span class='ocrx_word' id='word_1_40' title='bbox 403 875 458 932; x_wconf 92' lang='lat' dir='ltr'>pro</span> <span class='ocrx_word' id='word_1_41' title='bbox 479 873 625 915; x_wconf 87' lang='lat' dir='ltr'>mensura</span> <span class='ocrx_word' id='word_1_42' title='bbox 645 854 776 932; x_wconf 89' lang='lat' dir='ltr'>periculi</span> <span class='ocrx_word' id='word_1_43' title='bbox 797 872 905 913; x_wconf 86' lang='lat' dir='ltr'>vereor</span> <span class='ocrx_word' id='word_1_44' title='bbox 932 859 1029 931; x_wconf 91' lang='lat' dir='ltr'>teque</span> <span class='ocrx_word' id='word_1_45' title='bbox 1053 873 1138 929; x_wconf 91' lang='lat' dir='ltr'>rogo,</span> <span class='ocrx_word' id='word_1_46' title='bbox 1161 853 1183 912; x_wconf 90' lang='lat' dir='ltr'>si</span> 
     </span>
     <span class='ocr_line' id='line_1_7' title="bbox 185 958 1182 1038; baseline -0.001 -19"><span class='ocrx_word' id='word_1_47' title='bbox 185 960 266 1019; x_wconf 91' lang='lat' dir='ltr'>nihil</span> <span class='ocrx_word' id='word_1_48' title='bbox 281 961 354 1035; x_wconf 89' lang='lat' dir='ltr'>tale,</span> <span class='ocrx_word' id='word_1_49' title='bbox 370 979 462 1038; x_wconf 90' lang='lat' dir='ltr'>quam</span> <span class='ocrx_word' id='word_1_50' title='bbox 478 960 688 1020; x_wconf 83' lang='lat' dir='ltr'>maturissime</span> <span class='ocrx_word' id='word_1_51' title='bbox 703 958 909 1020; x_wconf 80' lang='lat' dir='ltr'>sollicitudini</span> <span class='ocrx_word' id='word_1_52' title='bbox 928 977 1017 1018; x_wconf 87' lang='lat' dir='ltr'>meae</span> <span class='ocrx_word' id='word_1_53' title='bbox 1036 959 1182 1032; x_wconf 90' lang='lat' dir='ltr'>consulas,</span> 
     </span>
     <span class='ocr_line' id='line_1_8' title="bbox 186 1063 1184 1143; baseline -0.002 -18"><span class='ocrx_word' id='word_1_54' title='bbox 186 1068 242 1126; x_wconf 92' lang='lat' dir='ltr'>sed</span> <span class='ocrx_word' id='word_1_55' title='bbox 263 1073 294 1125; x_wconf 92' lang='lat' dir='ltr'>et</span> <span class='ocrx_word' id='word_1_56' title='bbox 315 1067 342 1126; x_wconf 90' lang='lat' dir='ltr'>si</span> <span class='ocrx_word' id='word_1_57' title='bbox 363 1067 436 1140; x_wconf 90' lang='lat' dir='ltr'>tale,</span> <span class='ocrx_word' id='word_1_58' title='bbox 452 1066 485 1125; x_wconf 92' lang='lat' dir='ltr'>id</span> <span class='ocrx_word' id='word_1_59' title='bbox 506 1085 628 1143; x_wconf 89' lang='lat' dir='ltr'>quoque</span> <span class='ocrx_word' id='word_1_60' title='bbox 649 1064 783 1125; x_wconf 76' lang='lat' dir='ltr'>nunties</span> <span class='ocrx_word' id='word_1_61' title='bbox 825 1064 909 1124; x_wconf 89' lang='lat' dir='ltr'>Nam</span> <span class='ocrx_word' id='word_1_62' title='bbox 930 1063 1062 1141; x_wconf 85' lang='lat' dir='ltr'>paulum</span> <span class='ocrx_word' id='word_1_63' title='bbox 1084 1064 1184 1124; x_wconf 84' lang='lat' dir='ltr'>differt</span> 
     </span>
     <span class='ocr_line' id='line_1_9' title="bbox 186 1169 1185 1248; baseline -0.004 -17"><span class='ocrx_word' id='word_1_64' title='bbox 186 1171 317 1248; x_wconf 90' lang='lat' dir='ltr'>patiaris</span> <span class='ocrx_word' id='word_1_65' title='bbox 339 1172 471 1231; x_wconf 87' lang='lat' dir='ltr'>adversa</span> <span class='ocrx_word' id='word_1_66' title='bbox 491 1190 531 1230; x_wconf 92' lang='lat' dir='ltr'>an</span> <span class='ocrx_word' id='word_1_67' title='bbox 552 1177 731 1248; x_wconf 87' lang='lat' dir='ltr'>exspectes;</span> <span class='ocrx_word' id='word_1_68' title='bbox 752 1169 815 1230; x_wconf 91' lang='lat' dir='ltr'>nisi</span> <span class='ocrx_word' id='word_1_69' title='bbox 836 1170 920 1246; x_wconf 92' lang='lat' dir='ltr'>quod</span> <span class='ocrx_word' id='word_1_70' title='bbox 941 1174 1050 1229; x_wconf 91' lang='lat' dir='ltr'>tamen</span> <span class='ocrx_word' id='word_1_71' title='bbox 1071 1175 1121 1230; x_wconf 89' lang='lat' dir='ltr'>est</span> <span class='ocrx_word' id='word_1_72' title='bbox 1141 1170 1185 1229; x_wconf 87' lang='lat' dir='ltr'>do</span> 
     </span>
     <span class='ocr_line' id='line_1_10' title="bbox 185 1274 1184 1353; baseline 0 -19"><span class='ocrx_word' id='word_1_73' title='bbox 185 1276 272 1336; x_wconf 89' lang='lat' dir='ltr'>leudi</span> <span class='ocrx_word' id='word_1_74' title='bbox 297 1277 416 1350; x_wconf 89' lang='lat' dir='ltr'>modus,</span> <span class='ocrx_word' id='word_1_75' title='bbox 441 1296 504 1336; x_wconf 92' lang='lat' dir='ltr'>non</span> <span class='ocrx_word' id='word_1_76' title='bbox 527 1282 575 1335; x_wconf 87' lang='lat' dir='ltr'>est</span> <span class='ocrx_word' id='word_1_77' title='bbox 598 1275 741 1335; x_wconf 90' lang='lat' dir='ltr'>timendi.</span> <span class='ocrx_word' id='word_1_78' title='bbox 783 1275 899 1335; x_wconf 82' lang='lat' dir='ltr'>Doleas</span> <span class='ocrx_word' id='word_1_79' title='bbox 924 1274 1008 1334; x_wconf 92' lang='lat' dir='ltr'>enim</span> <span class='ocrx_word' id='word_1_80' title='bbox 1037 1281 1184 1353; x_wconf 91' lang='lat' dir='ltr'>quantum</span> 
     </span>
     <span class='ocr_line' id='line_1_11' title="bbox 138 1380 1145 1458; baseline 0 -20"><span class='ocrx_word' id='word_1_81' title='bbox 138 1394 166 1438; x_wconf 88' lang='lat'>10</span> <span class='ocrx_word' id='word_1_82' title='bbox 187 1382 266 1443; x_wconf 86' lang='lat' dir='ltr'>scias</span> <span class='ocrx_word' id='word_1_83' title='bbox 282 1382 441 1457; x_wconf 89' lang='lat' dir='ltr'>accidisse,</span> <span class='ocrx_word' id='word_1_84' title='bbox 457 1382 568 1441; x_wconf 88' lang='lat' dir='ltr'>timeas</span> <span class='ocrx_word' id='word_1_85' title='bbox 583 1387 736 1458; x_wconf 90' lang='lat' dir='ltr'>quantum</span> <span class='ocrx_word' id='word_1_86' title='bbox 750 1380 850 1458; x_wconf 90' lang='lat' dir='ltr'>possit</span> <span class='ocrx_word' id='word_1_87' title='bbox 864 1380 1013 1440; x_wconf 86' lang='lat' dir='ltr'>accidere.</span> <span class='ocrx_word' id='word_1_88' title='bbox 1058 1380 1145 1441; x_wconf 87' lang='lat' dir='ltr'>Vale.</span> 
     </span>
    </p>
   </div>
   <div class='ocr_carea' id='block_1_3' title="bbox 381 1583 994 1940">
    <p class='ocr_par' dir='ltr' id='par_1_3' title="bbox 381 1583 994 1940">
     <span class='ocr_line' id='line_1_12' title="bbox 593 1583 776 1664; baseline -0.027 -17"><span class='ocrx_word' id='word_1_89' title='bbox 593 1585 647 1647; x_wconf 83' lang='lat'>89.</span> <span class='ocrx_word' id='word_1_90' title='bbox 675 1583 776 1664; x_wconf 87' lang='lat' dir='ltr'>(XX.)</span> 
     </span>
     <span class='ocr_line' id='line_1_13' title="bbox 444 1742 929 1795; baseline -0.006 0"><span class='ocrx_word' id='word_1_91' title='bbox 444 1744 473 1795; x_wconf 84' lang='lat' dir='ltr'>C.</span> <span class='ocrx_word' id='word_1_92' title='bbox 499 1743 643 1793; x_wconf 88' lang='lat' dir='ltr'>PLINIUS</span> <span class='ocrx_word' id='word_1_93' title='bbox 667 1742 787 1793; x_wconf 88' lang='lat' dir='ltr'>GALLO</span> <span class='ocrx_word' id='word_1_94' title='bbox 811 1742 878 1794; x_wconf 87' lang='lat' dir='ltr'>SUO</span> <span class='ocrx_word' id='word_1_95' title='bbox 903 1742 929 1793; x_wconf 87' lang='lat' dir='ltr'>S.</span> 
     </span>
     <span class='ocr_line' id='line_1_14' title="bbox 381 1875 994 1940; baseline -0.002 -14"><span class='ocrx_word' id='word_1_96' title='bbox 381 1876 437 1928; x_wconf 75' lang='lat' dir='ltr'>The</span> <span class='ocrx_word' id='word_1_97' title='bbox 448 1878 567 1940; x_wconf 70' lang='lat' dir='ltr'>flooring</span> <span class='ocrx_word' id='word_1_98' title='bbox 579 1878 684 1927; x_wconf 77' lang='lat' dir='ltr'>islanda</span> <span class='ocrx_word' id='word_1_99' title='bbox 696 1878 728 1940; x_wconf 86' lang='lat' dir='ltr'>os</span> <span class='ocrx_word' id='word_1_100' title='bbox 742 1877 814 1927; x_wconf 84' lang='lat' dir='ltr'>Lake</span> <span class='ocrx_word' id='word_1_101' title='bbox 831 1875 994 1927; x_wconf 76' lang='lat' dir='ltr'>Vadimonis.</span> 
     </span>
    </p>
   </div>
   <div class='ocr_carea' id='block_1_4' title="bbox 134 2008 1233 3769">
    <p class='ocr_par' dir='ltr' id='par_1_4' title="bbox 186 2008 1220 2401">
     <span class='ocr_line' id='line_1_15' title="bbox 226 2008 1220 2086; baseline 0.002 -19"><span class='ocrx_word' id='word_1_102' title='bbox 226 2009 277 2068; x_wconf 85' lang='lat' dir='ltr'>Ad</span> <span class='ocrx_word' id='word_1_103' title='bbox 292 2028 372 2086; x_wconf 90' lang='lat' dir='ltr'>qnae</span> <span class='ocrx_word' id='word_1_104' title='bbox 387 2010 543 2069; x_wconf 90' lang='lat' dir='ltr'>noscenda</span> <span class='ocrx_word' id='word_1_105' title='bbox 560 2009 619 2067; x_wconf 89' lang='lat' dir='ltr'>iter</span> <span class='ocrx_word' id='word_1_106' title='bbox 633 2009 764 2083; x_wconf 85' lang='lat' dir='ltr'>ingredi,</span> <span class='ocrx_word' id='word_1_107' title='bbox 779 2008 993 2068; x_wconf 86' lang='lat' dir='ltr'>transmittere</span> <span class='ocrx_word' id='word_1_108' title='bbox 1012 2028 1098 2069; x_wconf 92' lang='lat' dir='ltr'>mare</span> <span class='ocrx_word' id='word_1_109' title='bbox 1116 2012 1190 2071; x_wconf 89' lang='lat' dir='ltr'>sole-</span> <span class='ocrx_word' id='word_1_110' title='bbox 1208 2025 1220 2069; x_wconf 94' lang='lat'>1</span> 
     </span>
     <span class='ocr_line' id='line_1_16' title="bbox 186 2113 1192 2191; baseline 0.003 -19"><span class='ocrx_word' id='word_1_111' title='bbox 186 2133 263 2188; x_wconf 70' lang='lat' dir='ltr'>mus</span> <span class='ocrx_word' id='word_1_112' title='bbox 280 2133 316 2173; x_wconf 91' lang='lat' dir='ltr'>ea</span> <span class='ocrx_word' id='word_1_113' title='bbox 330 2115 387 2174; x_wconf 90' lang='lat' dir='ltr'>sub</span> <span class='ocrx_word' id='word_1_114' title='bbox 402 2114 500 2173; x_wconf 92' lang='lat' dir='ltr'>oculis</span> <span class='ocrx_word' id='word_1_115' title='bbox 516 2114 619 2190; x_wconf 87' lang='lat' dir='ltr'>posita</span> <span class='ocrx_word' id='word_1_116' title='bbox 636 2113 840 2188; x_wconf 85' lang='lat' dir='ltr'>neglegimus,</span> <span class='ocrx_word' id='word_1_117' title='bbox 859 2131 913 2173; x_wconf 90' lang='lat' dir='ltr'>seu</span> <span class='ocrx_word' id='word_1_118' title='bbox 928 2113 1002 2191; x_wconf 90' lang='lat' dir='ltr'>quia</span> <span class='ocrx_word' id='word_1_119' title='bbox 1015 2113 1062 2174; x_wconf 91' lang='lat' dir='ltr'>ita</span> <span class='ocrx_word' id='word_1_120' title='bbox 1075 2121 1192 2175; x_wconf 90' lang='lat' dir='ltr'>natura</span> 
     </span>
     <span class='ocr_line' id='line_1_17' title="bbox 186 2218 1191 2296; baseline 0.003 -19"><span class='ocrx_word' id='word_1_121' title='bbox 186 2225 398 2296; x_wconf 88' lang='lat' dir='ltr'>comparatum</span> <span class='ocrx_word' id='word_1_122' title='bbox 413 2225 448 2278; x_wconf 90' lang='lat' dir='ltr'>ut</span> <span class='ocrx_word' id='word_1_123' title='bbox 459 2219 669 2296; x_wconf 86' lang='lat' dir='ltr'>proximorum</span> <span class='ocrx_word' id='word_1_124' title='bbox 681 2218 830 2277; x_wconf 86' lang='lat' dir='ltr'>incuriosi</span> <span class='ocrx_word' id='word_1_125' title='bbox 842 2218 1013 2296; x_wconf 90' lang='lat' dir='ltr'>longinqua</span> <span class='ocrx_word' id='word_1_126' title='bbox 1024 2225 1191 2296; x_wconf 75' lang='lat' dir='ltr'>sectemur,</span> 
     </span>
     <span class='ocr_line' id='line_1_18' title="bbox 186 2322 1192 2401; baseline 0.005 -19"><span class='ocrx_word' id='word_1_127' title='bbox 186 2342 240 2382; x_wconf 91' lang='lat' dir='ltr'>seu</span> <span class='ocrx_word' id='word_1_128' title='bbox 262 2324 345 2401; x_wconf 93' lang='lat' dir='ltr'>quod</span> <span class='ocrx_word' id='word_1_129' title='bbox 367 2324 504 2382; x_wconf 88' lang='lat' dir='ltr'>omniurn</span> <span class='ocrx_word' id='word_1_130' title='bbox 526 2342 629 2381; x_wconf 91' lang='lat' dir='ltr'>rerum</span> <span class='ocrx_word' id='word_1_131' title='bbox 651 2322 764 2400; x_wconf 90' lang='lat' dir='ltr'>cupido</span> <span class='ocrx_word' id='word_1_132' title='bbox 785 2323 968 2399; x_wconf 83' lang='lat' dir='ltr'>languescit,</span> <span class='ocrx_word' id='word_1_133' title='bbox 990 2342 1061 2383; x_wconf 92' lang='lat' dir='ltr'>cum</span> <span class='ocrx_word' id='word_1_134' title='bbox 1083 2325 1192 2388; x_wconf 77' lang='lat' dir='ltr'>facilis</span> 
     </span>
    </p>

    <p class='ocr_par' dir='ltr' id='par_1_5' title="bbox 137 2428 1230 2928">
     <span class='ocr_line' id='line_1_19' title="bbox 137 2428 1194 2508; baseline 0.004 -21"><span class='ocrx_word' id='word_1_135' title='bbox 137 2438 164 2481; x_wconf 87' lang='lat'>15</span> <span class='ocrx_word' id='word_1_136' title='bbox 185 2429 313 2504; x_wconf 88' lang='lat' dir='ltr'>occasi0,</span> <span class='ocrx_word' id='word_1_137' title='bbox 330 2448 385 2488; x_wconf 91' lang='lat' dir='ltr'>seu</span> <span class='ocrx_word' id='word_1_138' title='bbox 399 2429 483 2506; x_wconf 91' lang='lat' dir='ltr'>quod</span> <span class='ocrx_word' id='word_1_139' title='bbox 497 2428 671 2487; x_wconf 89' lang='lat' dir='ltr'>differimus</span> <span class='ocrx_word' id='word_1_140' title='bbox 693 2433 852 2505; x_wconf 87' lang='lat' dir='ltr'>tamquam</span> <span class='ocrx_word' id='word_1_141' title='bbox 875 2446 966 2505; x_wconf 87' lang='lat' dir='ltr'>saepe</span> <span class='ocrx_word' id='word_1_142' title='bbox 983 2428 1082 2489; x_wconf 84' lang='lat' dir='ltr'>visuri</span> <span class='ocrx_word' id='word_1_143' title='bbox 1106 2432 1194 2508; x_wconf 94' lang='lat' dir='ltr'>quod</span> 
     </span>
     <span class='ocr_line' id='line_1_20' title="bbox 186 2533 1230 2611; baseline 0.005 -19"><span class='ocrx_word' id='word_1_144' title='bbox 186 2535 279 2593; x_wconf 90' lang='lat' dir='ltr'>datur</span> <span class='ocrx_word' id='word_1_145' title='bbox 306 2535 421 2608; x_wconf 89' lang='lat' dir='ltr'>videre,</span> <span class='ocrx_word' id='word_1_146' title='bbox 450 2533 594 2611; x_wconf 91' lang='lat' dir='ltr'>quotiens</span> <span class='ocrx_word' id='word_1_147' title='bbox 622 2533 701 2591; x_wconf 82' lang='lat' dir='ltr'>velis</span> <span class='ocrx_word' id='word_1_148' title='bbox 732 2550 865 2591; x_wconf 91' lang='lat' dir='ltr'>cernere.</span> <span class='ocrx_word' id='word_1_149' title='bbox 921 2533 1124 2611; x_wconf 83' lang='lat' dir='ltr'>Quacumque</span> <span class='ocrx_word' id='word_1_150' title='bbox 1154 2537 1230 2598; x_wconf 80' lang='lat' dir='ltr'>dea</span> 
     </span>
     <span class='ocr_line' id='line_1_21' title="bbox 186 2638 1194 2717; baseline 0.003 -18"><span class='ocrx_word' id='word_1_151' title='bbox 186 2659 286 2714; x_wconf 87' lang='lat' dir='ltr'>causa,</span> <span class='ocrx_word' id='word_1_152' title='bbox 299 2640 455 2717; x_wconf 91' lang='lat' dir='ltr'>permulta</span> <span class='ocrx_word' id='word_1_153' title='bbox 468 2639 502 2697; x_wconf 91' lang='lat' dir='ltr'>in</span> <span class='ocrx_word' id='word_1_154' title='bbox 516 2640 591 2699; x_wconf 90' lang='lat' dir='ltr'>urbe</span> <span class='ocrx_word' id='word_1_155' title='bbox 606 2644 714 2698; x_wconf 88' lang='lat' dir='ltr'>nostra</span> <span class='ocrx_word' id='word_1_156' title='bbox 727 2638 877 2714; x_wconf 85' lang='lat' dir='ltr'>iuxtaque</span> <span class='ocrx_word' id='word_1_157' title='bbox 892 2638 999 2697; x_wconf 91' lang='lat' dir='ltr'>urbem</span> <span class='ocrx_word' id='word_1_158' title='bbox 1014 2658 1078 2698; x_wconf 91' lang='lat' dir='ltr'>non</span> <span class='ocrx_word' id='word_1_159' title='bbox 1088 2642 1194 2702; x_wconf 89' lang='lat' dir='ltr'>oculis</span> 
     </span>
     <span class='ocr_line' id='line_1_22' title="bbox 185 2743 1195 2820; baseline 0.004 -17"><span class='ocrx_word' id='word_1_160' title='bbox 185 2747 276 2803; x_wconf 89' lang='lat' dir='ltr'>modo</span> <span class='ocrx_word' id='word_1_161' title='bbox 298 2746 412 2805; x_wconf 91' lang='lat' dir='ltr'>sedne</span> <span class='ocrx_word' id='word_1_162' title='bbox 434 2744 560 2804; x_wconf 87' lang='lat' dir='ltr'>auribus</span> <span class='ocrx_word' id='word_1_163' title='bbox 582 2743 707 2820; x_wconf 89' lang='lat' dir='ltr'>quidem</span> <span class='ocrx_word' id='word_1_164' title='bbox 729 2743 882 2817; x_wconf 90' lang='lat' dir='ltr'>novimus,</span> <span class='ocrx_word' id='word_1_165' title='bbox 905 2761 984 2820; x_wconf 87' lang='lat' dir='ltr'>quae</span> <span class='ocrx_word' id='word_1_166' title='bbox 1009 2743 1036 2804; x_wconf 91' lang='lat' dir='ltr'>si</span> <span class='ocrx_word' id='word_1_167' title='bbox 1061 2745 1195 2807; x_wconf 89' lang='lat' dir='ltr'>tulisset</span> 
     </span>
     <span class='ocr_line' id='line_1_23' title="bbox 185 2849 1195 2928; baseline 0.005 -20"><span class='ocrx_word' id='word_1_168' title='bbox 185 2850 314 2924; x_wconf 81' lang='lat' dir='ltr'>Achaia,</span> <span class='ocrx_word' id='word_1_169' title='bbox 343 2850 515 2928; x_wconf 83' lang='lat' dir='ltr'>Aegyptos,</span> <span class='ocrx_word' id='word_1_170' title='bbox 544 2849 622 2908; x_wconf 82' lang='lat' dir='ltr'>Asia</span> <span class='ocrx_word' id='word_1_171' title='bbox 649 2849 750 2908; x_wconf 90' lang='lat' dir='ltr'>aliave</span> <span class='ocrx_word' id='word_1_172' title='bbox 780 2849 939 2925; x_wconf 90' lang='lat' dir='ltr'>quaelibet</span> <span class='ocrx_word' id='word_1_173' title='bbox 965 2849 1195 2913; x_wconf 85' lang='lat' dir='ltr'>miraculorum</span> 
     </span>
    </p>

    <p class='ocr_par' dir='ltr' id='par_1_6' title="bbox 136 2954 1233 3437">
     <span class='ocr_line' id='line_1_24' title="bbox 136 2954 1195 3031; baseline 0.009 -22"><span class='ocrx_word' id='word_1_174' title='bbox 136 2966 165 3010; x_wconf 84' lang='lat'>20</span> <span class='ocrx_word' id='word_1_175' title='bbox 185 2957 274 3014; x_wconf 89' lang='lat' dir='ltr'>ferax</span> <span class='ocrx_word' id='word_1_176' title='bbox 301 2955 607 3031; x_wconf 86' lang='lat' dir='ltr'>commendatrixque</span> <span class='ocrx_word' id='word_1_177' title='bbox 635 2960 726 3029; x_wconf 90' lang='lat' dir='ltr'>terra,</span> <span class='ocrx_word' id='word_1_178' title='bbox 752 2954 860 3013; x_wconf 88' lang='lat' dir='ltr'>audita</span> <span class='ocrx_word' id='word_1_179' title='bbox 887 2954 1025 3031; x_wconf 91' lang='lat' dir='ltr'>perlecta</span> <span class='ocrx_word' id='word_1_180' title='bbox 1053 2955 1195 3019; x_wconf 89' lang='lat' dir='ltr'>lustrata</span> 
     </span>
     <span class='ocr_line' id='line_1_25' title="bbox 185 3059 1233 3137; baseline 0.004 -18"><span class='ocrx_word' id='word_1_181' title='bbox 185 3061 376 3121; x_wconf 91' lang='lat' dir='ltr'>haberemus.</span> <span class='ocrx_word' id='word_1_182' title='bbox 420 3061 493 3137; x_wconf 89' lang='lat' dir='ltr'>Ipse</span> <span class='ocrx_word' id='word_1_183' title='bbox 516 3066 598 3118; x_wconf 88' lang='lat' dir='ltr'>certe</span> <span class='ocrx_word' id='word_1_184' title='bbox 621 3078 720 3136; x_wconf 89' lang='lat' dir='ltr'>nuper</span> <span class='ocrx_word' id='word_1_185' title='bbox 745 3060 828 3135; x_wconf 91' lang='lat' dir='ltr'>quod</span> <span class='ocrx_word' id='word_1_186' title='bbox 852 3078 908 3118; x_wconf 90' lang='lat' dir='ltr'>nec</span> <span class='ocrx_word' id='word_1_187' title='bbox 931 3059 1091 3119; x_wconf 89' lang='lat' dir='ltr'>audieram</span> <span class='ocrx_word' id='word_1_188' title='bbox 1116 3069 1194 3123; x_wconf 89' lang='lat' dir='ltr'>ante</span> <span class='ocrx_word' id='word_1_189' title='bbox 1217 3077 1233 3122; x_wconf 87' lang='grc'>3</span> 
     </span>
     <span class='ocr_line' id='line_1_26' title="bbox 185 3164 1195 3241; baseline 0.004 -17"><span class='ocrx_word' id='word_1_190' title='bbox 185 3186 240 3225; x_wconf 91' lang='lat' dir='ltr'>nec</span> <span class='ocrx_word' id='word_1_191' title='bbox 263 3166 401 3225; x_wconf 91' lang='lat' dir='ltr'>videram</span> <span class='ocrx_word' id='word_1_192' title='bbox 423 3165 531 3225; x_wconf 90' lang='lat' dir='ltr'>audivi</span> <span class='ocrx_word' id='word_1_193' title='bbox 555 3164 673 3241; x_wconf 88' lang='lat' dir='ltr'>pariter</span> <span class='ocrx_word' id='word_1_194' title='bbox 694 3169 725 3222; x_wconf 87' lang='lat' dir='ltr'>et</span> <span class='ocrx_word' id='word_1_195' title='bbox 746 3164 821 3222; x_wconf 89' lang='lat' dir='ltr'>vidi.</span> <span class='ocrx_word' id='word_1_196' title='bbox 863 3166 1019 3239; x_wconf 84' lang='lat' dir='ltr'>Exegerat</span> <span class='ocrx_word' id='word_1_197' title='bbox 1043 3184 1195 3241; x_wconf 90' lang='lat' dir='ltr'>prosocer</span> 
     </span>
     <span class='ocr_line' id='line_1_27' title="bbox 184 3268 1195 3347; baseline 0.003 -19"><span class='ocrx_word' id='word_1_198' title='bbox 184 3290 270 3330; x_wconf 89' lang='lat' dir='ltr'>meus</span> <span class='ocrx_word' id='word_1_199' title='bbox 285 3277 321 3330; x_wconf 94' lang='lat' dir='ltr'>ut</span> <span class='ocrx_word' id='word_1_200' title='bbox 335 3270 485 3329; x_wconf 83' lang='lat' dir='ltr'>Amerina</span> <span class='ocrx_word' id='word_1_201' title='bbox 500 3269 628 3347; x_wconf 87' lang='lat' dir='ltr'>praedia</span> <span class='ocrx_word' id='word_1_202' title='bbox 649 3288 705 3328; x_wconf 90' lang='lat' dir='ltr'>sua</span> <span class='ocrx_word' id='word_1_203' title='bbox 723 3268 916 3345; x_wconf 87' lang='lat' dir='ltr'>inspicerem.</span> <span class='ocrx_word' id='word_1_204' title='bbox 959 3269 1047 3327; x_wconf 87' lang='lat' dir='ltr'>Haec</span> <span class='ocrx_word' id='word_1_205' title='bbox 1069 3288 1195 3347; x_wconf 88' lang='lat' dir='ltr'>peram-</span> 
     </span>
     <span class='ocr_line' id='line_1_28' title="bbox 184 3374 1194 3437; baseline 0.002 -3"><span class='ocrx_word' id='word_1_206' title='bbox 184 3376 307 3435; x_wconf 91' lang='lat' dir='ltr'>bulanti</span> <span class='ocrx_word' id='word_1_207' title='bbox 328 3377 406 3434; x_wconf 89' lang='lat' dir='ltr'>mihi</span> <span class='ocrx_word' id='word_1_208' title='bbox 427 3376 603 3435; x_wconf 90' lang='lat' dir='ltr'>ostenditur</span> <span class='ocrx_word' id='word_1_209' title='bbox 623 3374 784 3433; x_wconf 89' lang='lat' dir='ltr'>subiacens</span> <span class='ocrx_word' id='word_1_210' title='bbox 802 3374 888 3434; x_wconf 91' lang='lat' dir='ltr'>lacus</span> <span class='ocrx_word' id='word_1_211' title='bbox 903 3374 1027 3433; x_wconf 89' lang='lat' dir='ltr'>nomine</span> <span class='ocrx_word' id='word_1_212' title='bbox 1041 3375 1194 3437; x_wconf 82' lang='lat' dir='ltr'>Vadimo-</span> 
     </span>
    </p>

    <p class='ocr_par' dir='ltr' id='par_1_7' title="bbox 134 3479 1228 3769">
     <span class='ocr_line' id='line_1_29' title="bbox 134 3479 1193 3558; baseline 0.008 -23"><span class='ocrx_word' id='word_1_213' title='bbox 134 3492 163 3535; x_wconf 82' lang='lat'>25</span> <span class='ocrx_word' id='word_1_214' title='bbox 184 3482 250 3541; x_wconf 90' lang='lat' dir='ltr'>nis:</span> <span class='ocrx_word' id='word_1_215' title='bbox 274 3481 367 3541; x_wconf 88' lang='lat' dir='ltr'>simul</span> <span class='ocrx_word' id='word_1_216' title='bbox 386 3481 538 3558; x_wconf 90' lang='lat' dir='ltr'>quaedam</span> <span class='ocrx_word' id='word_1_217' title='bbox 557 3479 755 3538; x_wconf 87' lang='lat' dir='ltr'>incredibilia</span> <span class='ocrx_word' id='word_1_218' title='bbox 774 3486 946 3538; x_wconf 89' lang='lat' dir='ltr'>narrantur.</span> <span class='ocrx_word' id='word_1_219' title='bbox 989 3481 1126 3539; x_wconf 85' lang='lat' dir='ltr'>Perveni</span> <span class='ocrx_word' id='word_1_220' title='bbox 1150 3484 1193 3543; x_wconf 93' lang='lat' dir='ltr'>ad</span> 
     </span>
     <span class='ocr_line' id='line_1_30' title="bbox 184 3584 1228 3662; baseline 0.005 -18"><span class='ocrx_word' id='word_1_221' title='bbox 184 3586 295 3662; x_wconf 90' lang='lat' dir='ltr'>ipsum.</span> <span class='ocrx_word' id='word_1_222' title='bbox 339 3584 439 3645; x_wconf 87' lang='lat' dir='ltr'>Lacus</span> <span class='ocrx_word' id='word_1_223' title='bbox 468 3590 516 3645; x_wconf 91' lang='lat' dir='ltr'>est</span> <span class='ocrx_word' id='word_1_224' title='bbox 540 3587 574 3643; x_wconf 92' lang='lat' dir='ltr'>in</span> <span class='ocrx_word' id='word_1_225' title='bbox 597 3584 836 3644; x_wconf 86' lang='lat' dir='ltr'>similitudinem</span> <span class='ocrx_word' id='word_1_226' title='bbox 861 3584 990 3644; x_wconf 88' lang='lat' dir='ltr'>iacentis</span> <span class='ocrx_word' id='word_1_227' title='bbox 1016 3591 1103 3645; x_wconf 91' lang='lat' dir='ltr'>rotae</span> <span class='ocrx_word' id='word_1_228' title='bbox 1133 3588 1228 3650; x_wconf 78' lang='lat' dir='ltr'>cir-4</span> 
     </span>
     <span class='ocr_line' id='line_1_31' title="bbox 184 3690 1191 3769; baseline 0.003 -18"><span class='ocrx_word' id='word_1_229' title='bbox 184 3690 390 3768; x_wconf 90' lang='lat' dir='ltr'>cumscriptus</span> <span class='ocrx_word' id='word_1_230' title='bbox 405 3695 437 3749; x_wconf 91' lang='lat' dir='ltr'>et</span> <span class='ocrx_word' id='word_1_231' title='bbox 450 3690 588 3767; x_wconf 90' lang='lat' dir='ltr'>undique</span> <span class='ocrx_word' id='word_1_232' title='bbox 603 3690 759 3766; x_wconf 91' lang='lat' dir='ltr'>aequalis:</span> <span class='ocrx_word' id='word_1_233' title='bbox 782 3690 888 3749; x_wconf 91' lang='lat' dir='ltr'>nullus</span> <span class='ocrx_word' id='word_1_234' title='bbox 903 3690 999 3764; x_wconf 88' lang='lat' dir='ltr'>sinus,</span> <span class='ocrx_word' id='word_1_235' title='bbox 1015 3690 1191 3769; x_wconf 86' lang='lat' dir='ltr'>obliquitas</span> 
     </span>
    </p>
   </div>
   <div class='ocr_carea' id='block_1_5' title="bbox 0 0 1336 4170">
    <p class='ocr_par' dir='ltr' id='par_1_8' title="bbox 0 0 1336 4170">
     <span class='ocr_line' id='line_1_32' title="bbox 0 0 1336 4170; baseline 0 1"><span class='ocrx_word' id='word_1_236' title='bbox 0 0 1336 4170; x_wconf 95' lang='lat' dir='ltr'> </span> 
     </span>
    </p>
   </div>
  </div>
 </body>
</html>
