<?xml version="1.0" encoding="UTF-8"?>
<!DOCTYPE html PUBLIC "-//W3C//DTD XHTML 1.0 Transitional//EN"
    "http://www.w3.org/TR/xhtml1/DTD/xhtml1-transitional.dtd">
<html xmlns="http://www.w3.org/1999/xhtml" xml:lang="en" lang="en">
 <head>
  <title>
</title>
<meta http-equiv="Content-Type" content="text/html;charset=utf-8" />
  <meta name='ocr-system' content='tesseract 3.04.00' />
  <meta name='ocr-capabilities' content='ocr_page ocr_carea ocr_par ocr_line ocrx_word'/>
</head>
<body>
  <div class='ocr_page' id='page_1' title='image "./cplinisecundiep02plingoog_0089.png"; bbox 0 0 2664 4170; ppageno 0'>
   <div class='ocr_carea' id='block_1_1' title="bbox 184 255 761 318">
    <p class='ocr_par' dir='ltr' id='par_1_1' title="bbox 184 255 761 318">
     <span class='ocr_line' id='line_1_1' title="bbox 184 255 761 318; baseline 0 -2"><span class='ocrx_word' id='word_1_1' title='bbox 184 255 227 316; x_wconf 77' lang='lat'>42</span> <span class='ocrx_word' id='word_1_2' title='bbox 612 268 643 318; x_wconf 89' lang='lat' dir='ltr'>o.</span> <span class='ocrx_word' id='word_1_3' title='bbox 662 267 761 317; x_wconf 81' lang='lat' dir='ltr'>rnnu</span> 
     </span>
    </p>
   </div>
   <div class='ocr_carea' id='block_1_2' title="bbox 135 439 1223 3145">
    <p class='ocr_par' dir='ltr' id='par_1_2' title="bbox 135 439 1223 3145">
     <span class='ocr_line' id='line_1_2' title="bbox 185 439 1192 516; baseline 0.003 -19"><span class='ocrx_word' id='word_1_4' title='bbox 185 458 262 512; x_wconf 79' lang='lat' dir='ltr'>sum,</span> <span class='ocrx_word' id='word_1_5' title='bbox 277 443 429 514; x_wconf 89' lang='lat' dir='ltr'>quantum</span> <span class='ocrx_word' id='word_1_6' title='bbox 443 457 499 513; x_wconf 83' lang='lat' dir='ltr'>ego</span> <span class='ocrx_word' id='word_1_7' title='bbox 514 439 610 516; x_wconf 89' lang='lat' dir='ltr'>sapio,</span> <span class='ocrx_word' id='word_1_8' title='bbox 626 439 680 516; x_wconf 88' lang='lat' dir='ltr'>qui</span> <span class='ocrx_word' id='word_1_9' title='bbox 699 439 832 499; x_wconf 85' lang='lat' dir='ltr'>fortasse</span> <span class='ocrx_word' id='word_1_10' title='bbox 854 439 888 498; x_wconf 92' lang='lat' dir='ltr'>in</span> <span class='ocrx_word' id='word_1_11' title='bbox 909 439 996 499; x_wconf 89' lang='lat' dir='ltr'>omni</span> <span class='ocrx_word' id='word_1_12' title='bbox 1017 459 1063 515; x_wconf 82' lang='lat' dir='ltr'>re,</span> <span class='ocrx_word' id='word_1_13' title='bbox 1078 441 1113 500; x_wconf 91' lang='lat' dir='ltr'>in</span> <span class='ocrx_word' id='word_1_14' title='bbox 1134 442 1192 501; x_wconf 91' lang='lat' dir='ltr'>hac</span> 
     </span>
     <span class='ocr_line' id='line_1_3' title="bbox 183 544 1192 622; baseline 0.004 -21"><span class='ocrx_word' id='word_1_15' title='bbox 183 549 265 602; x_wconf 86' lang='lat' dir='ltr'>certe</span> <span class='ocrx_word' id='word_1_16' title='bbox 287 563 437 621; x_wconf 85' lang='lat' dir='ltr'>perquam</span> <span class='ocrx_word' id='word_1_17' title='bbox 458 544 606 618; x_wconf 84' lang='lat' dir='ltr'>exiguum</span> <span class='ocrx_word' id='word_1_18' title='bbox 627 544 731 621; x_wconf 91' lang='lat' dir='ltr'>sapio:</span> <span class='ocrx_word' id='word_1_19' title='bbox 760 546 820 604; x_wconf 88' lang='lat' dir='ltr'>hoo</span> <span class='ocrx_word' id='word_1_20' title='bbox 848 551 953 604; x_wconf 86' lang='lat' dir='ltr'>tamen</span> <span class='ocrx_word' id='word_1_21' title='bbox 982 545 1111 622; x_wconf 86' lang='lat' dir='ltr'>signum</span> <span class='ocrx_word' id='word_1_22' title='bbox 1135 565 1192 622; x_wconf 88' lang='lat' dir='ltr'>ego</span> 
     </span>
     <span class='ocr_line' id='line_1_4' title="bbox 184 648 1222 729; baseline 0.002 -24"><span class='ocrx_word' id='word_1_23' title='bbox 184 667 306 725; x_wconf 91' lang='lat' dir='ltr'>quoque</span> <span class='ocrx_word' id='word_1_24' title='bbox 321 648 477 723; x_wconf 80' lang='lat' dir='ltr'>intellego.</span> <span class='ocrx_word' id='word_1_25' title='bbox 520 650 579 707; x_wconf 83' lang='lat' dir='ltr'>Est</span> <span class='ocrx_word' id='word_1_26' title='bbox 594 649 677 707; x_wconf 89' lang='lat' dir='ltr'>enim</span> <span class='ocrx_word' id='word_1_27' title='bbox 692 650 811 708; x_wconf 91' lang='lat' dir='ltr'>nudum</span> <span class='ocrx_word' id='word_1_28' title='bbox 824 668 880 708; x_wconf 89' lang='lat' dir='ltr'>nec</span> <span class='ocrx_word' id='word_1_29' title='bbox 894 655 949 709; x_wconf 92' lang='lat' dir='ltr'>aut</span> <span class='ocrx_word' id='word_1_30' title='bbox 972 650 1061 725; x_wconf 85' lang='lat' dir='ltr'>vitia,</span> <span class='ocrx_word' id='word_1_31' title='bbox 1078 651 1105 711; x_wconf 91' lang='lat' dir='ltr'>si</span> <span class='ocrx_word' id='word_1_32' title='bbox 1129 671 1192 729; x_wconf 90' lang='lat' dir='ltr'>qua</span> <span class='ocrx_word' id='word_1_33' title='bbox 1209 665 1222 707; x_wconf 79' lang='lat' dir='ltr'>a</span> 
     </span>
     <span class='ocr_line' id='line_1_5' title="bbox 184 753 1191 832; baseline 0.004 -20"><span class='ocrx_word' id='word_1_34' title='bbox 184 760 266 827; x_wconf 78' lang='lat' dir='ltr'>sunt,</span> <span class='ocrx_word' id='word_1_35' title='bbox 291 753 372 813; x_wconf 90' lang='lat' dir='ltr'>celat</span> <span class='ocrx_word' id='word_1_36' title='bbox 396 760 452 813; x_wconf 91' lang='lat' dir='ltr'>aut</span> <span class='ocrx_word' id='word_1_37' title='bbox 474 754 583 814; x_wconf 88' lang='lat' dir='ltr'>laudes</span> <span class='ocrx_word' id='word_1_38' title='bbox 612 774 722 832; x_wconf 89' lang='lat' dir='ltr'>parum</span> <span class='ocrx_word' id='word_1_39' title='bbox 746 760 898 815; x_wconf 76' lang='lat' dir='ltr'>ostentat:</span> <span class='ocrx_word' id='word_1_40' title='bbox 931 755 1054 831; x_wconf 82' lang='lat' dir='ltr'>effingit</span> <span class='ocrx_word' id='word_1_41' title='bbox 1083 775 1191 816; x_wconf 89' lang='lat' dir='ltr'>senem</span> 
     </span>
     <span class='ocr_line' id='line_1_6' title="bbox 148 860 1190 935; baseline 0.009 -22"><span class='ocrx_word' id='word_1_42' title='bbox 148 864 335 934; x_wconf 75' lang='lat' dir='ltr'>ostantem3</span> <span class='ocrx_word' id='word_1_43' title='bbox 371 879 449 933; x_wconf 83' lang='lat' dir='ltr'>ossa,</span> <span class='ocrx_word' id='word_1_44' title='bbox 478 860 619 933; x_wconf 89' lang='lat' dir='ltr'>musculi,</span> <span class='ocrx_word' id='word_1_45' title='bbox 648 860 747 934; x_wconf 80' lang='lat' dir='ltr'>nervi,</span> <span class='ocrx_word' id='word_1_46' title='bbox 776 879 881 935; x_wconf 84' lang='lat' dir='ltr'>venae,</span> <span class='ocrx_word' id='word_1_47' title='bbox 908 879 1002 935; x_wconf 82' lang='lat' dir='ltr'>rugae</span> <span class='ocrx_word' id='word_1_48' title='bbox 1031 861 1130 920; x_wconf 88' lang='lat' dir='ltr'>etiam</span> <span class='ocrx_word' id='word_1_49' title='bbox 1155 868 1190 922; x_wconf 89' lang='lat' dir='ltr'>ut</span> 
     </span>
     <span class='ocr_line' id='line_1_7' title="bbox 184 963 1189 1042; baseline 0.005 -20"><span class='ocrx_word' id='word_1_50' title='bbox 184 963 332 1040; x_wconf 89' lang='lat' dir='ltr'>spirantis</span> <span class='ocrx_word' id='word_1_51' title='bbox 362 970 524 1041; x_wconf 78' lang='lat' dir='ltr'>apparent,</span> <span class='ocrx_word' id='word_1_52' title='bbox 548 965 610 1023; x_wconf 90' lang='lat' dir='ltr'>rari</span> <span class='ocrx_word' id='word_1_53' title='bbox 632 970 664 1024; x_wconf 89' lang='lat' dir='ltr'>et</span> <span class='ocrx_word' id='word_1_54' title='bbox 685 965 831 1024; x_wconf 82' lang='lat' dir='ltr'>cedentes</span> <span class='ocrx_word' id='word_1_55' title='bbox 851 965 968 1042; x_wconf 90' lang='lat' dir='ltr'>capilli,</span> <span class='ocrx_word' id='word_1_56' title='bbox 993 965 1061 1025; x_wconf 90' lang='lat' dir='ltr'>lata</span> <span class='ocrx_word' id='word_1_57' title='bbox 1089 967 1189 1042; x_wconf 83' lang='lat' dir='ltr'>frons,</span> 
     </span>
     <span class='ocr_line' id='line_1_8' title="bbox 183 1070 1190 1149; baseline 0.003 -21"><span class='ocrx_word' id='word_1_58' title='bbox 183 1074 344 1128; x_wconf 90' lang='lat' dir='ltr'>contracta</span> <span class='ocrx_word' id='word_1_59' title='bbox 367 1070 473 1144; x_wconf 66' lang='lat' dir='ltr'>facies</span> <span class='ocrx_word' id='word_1_60' title='bbox 496 1070 577 1128; x_wconf 85' lang='lat' dir='ltr'>exile</span> <span class='ocrx_word' id='word_1_61' title='bbox 599 1070 722 1145; x_wconf 85' lang='lat' dir='ltr'>collum,</span> <span class='ocrx_word' id='word_1_62' title='bbox 745 1071 883 1148; x_wconf 83' lang='lat' dir='ltr'>pendent</span> <span class='ocrx_word' id='word_1_63' title='bbox 905 1070 1024 1145; x_wconf 76' lang='lat' dir='ltr'>lacerti,</span> <span class='ocrx_word' id='word_1_64' title='bbox 1048 1072 1190 1149; x_wconf 78' lang='lat' dir='ltr'>papillae</span> 
     </span>
     <span class='ocr_line' id='line_1_9' title="bbox 182 1174 1223 1253; baseline 0.004 -22"><span class='ocrx_word' id='word_1_65' title='bbox 182 1174 294 1248; x_wconf 89' lang='lat' dir='ltr'>iacent,</span> <span class='ocrx_word' id='word_1_66' title='bbox 310 1180 419 1250; x_wconf 79' lang='lat' dir='ltr'>¹venter</span> <span class='ocrx_word' id='word_1_67' title='bbox 433 1175 569 1234; x_wconf 90' lang='lat' dir='ltr'>recessit.</span> <span class='ocrx_word' id='word_1_68' title='bbox 613 1176 642 1233; x_wconf 88' lang='grc' dir='ltr'><strong>Α</strong></span> <span class='ocrx_word' id='word_1_69' title='bbox 656 1180 744 1251; x_wconf 85' lang='lat' dir='ltr'>tergo</span> <span class='ocrx_word' id='word_1_70' title='bbox 765 1194 888 1253; x_wconf 88' lang='lat' dir='ltr'>quoque</span> <span class='ocrx_word' id='word_1_71' title='bbox 909 1176 1018 1235; x_wconf 86' lang='lat' dir='ltr'>eadem</span> <span class='ocrx_word' id='word_1_72' title='bbox 1041 1183 1131 1237; x_wconf 91' lang='lat' dir='ltr'>aetas</span> <span class='ocrx_word' id='word_1_73' title='bbox 1153 1184 1223 1237; x_wconf 75' lang='lat' dir='ltr'>uta</span> 
     </span>
     <span class='ocr_line' id='line_1_10' title="bbox 183 1280 1190 1358; baseline 0.005 -20"><span class='ocrx_word' id='word_1_74' title='bbox 183 1299 202 1338; x_wconf 94' lang='lat' dir='ltr'>a</span> <span class='ocrx_word' id='word_1_75' title='bbox 215 1286 310 1354; x_wconf 85' lang='lat' dir='ltr'>tergo.</span> <span class='ocrx_word' id='word_1_76' title='bbox 353 1280 417 1339; x_wconf 85' lang='lat' dir='ltr'>Aes</span> <span class='ocrx_word' id='word_1_77' title='bbox 432 1280 544 1357; x_wconf 84' lang='lat' dir='ltr'>ipsum,</span> <span class='ocrx_word' id='word_1_78' title='bbox 560 1287 712 1358; x_wconf 89' lang='lat' dir='ltr'>quantum</span> <span class='ocrx_word' id='word_1_79' title='bbox 731 1300 823 1340; x_wconf 87' lang='lat' dir='ltr'>verus</span> <span class='ocrx_word' id='word_1_80' title='bbox 844 1280 927 1340; x_wconf 92' lang='lat' dir='ltr'>color</span> <span class='ocrx_word' id='word_1_81' title='bbox 948 1281 1080 1358; x_wconf 84' lang='lat' dir='ltr'>indicat,</span> <span class='ocrx_word' id='word_1_82' title='bbox 1095 1288 1190 1343; x_wconf 90' lang='lat' dir='ltr'>vetus</span> 
     </span>
     <span class='ocr_line' id='line_1_11' title="bbox 135 1385 1190 1462; baseline 0.006 -21"><span class='ocrx_word' id='word_1_83' title='bbox 135 1397 163 1441; x_wconf 92' lang='lat'>10</span> <span class='ocrx_word' id='word_1_84' title='bbox 183 1390 214 1443; x_wconf 91' lang='lat' dir='ltr'>et</span> <span class='ocrx_word' id='word_1_85' title='bbox 242 1385 389 1444; x_wconf 90' lang='lat' dir='ltr'>anticum.</span> <span class='ocrx_word' id='word_1_86' title='bbox 432 1386 523 1444; x_wconf 81' lang='lat' dir='ltr'>Talia</span> <span class='ocrx_word' id='word_1_87' title='bbox 549 1385 684 1462; x_wconf 87' lang='lat' dir='ltr'>denique</span> <span class='ocrx_word' id='word_1_88' title='bbox 705 1386 809 1445; x_wconf 90' lang='lat' dir='ltr'>omnia</span> <span class='ocrx_word' id='word_1_89' title='bbox 828 1391 865 1446; x_wconf 89' lang='lat' dir='ltr'>ut</span> <span class='ocrx_word' id='word_1_90' title='bbox 885 1387 1008 1462; x_wconf 86' lang='lat' dir='ltr'>possint</span> <span class='ocrx_word' id='word_1_91' title='bbox 1029 1387 1190 1447; x_wconf 88' lang='lat' dir='ltr'>artificum</span> 
     </span>
     <span class='ocr_line' id='line_1_12' title="bbox 184 1490 1222 1570; baseline -0.002 -22"><span class='ocrx_word' id='word_1_92' title='bbox 184 1490 288 1548; x_wconf 90' lang='lat' dir='ltr'>oculos</span> <span class='ocrx_word' id='word_1_93' title='bbox 313 1495 428 1565; x_wconf 85' lang='lat' dir='ltr'>tenere,</span> <span class='ocrx_word' id='word_1_94' title='bbox 451 1490 605 1549; x_wconf 81' lang='lat' dir='ltr'>delectare</span> <span class='ocrx_word' id='word_1_95' title='bbox 634 1491 856 1568; x_wconf 90' lang='lat' dir='ltr'>imperitorum.</span> <span class='ocrx_word' id='word_1_96' title='bbox 900 1492 988 1562; x_wconf 79' lang='lat' dir='ltr'>Quod</span> <span class='ocrx_word' id='word_1_97' title='bbox 1009 1511 1059 1550; x_wconf 87' lang='lat' dir='ltr'>me</span> <span class='ocrx_word' id='word_1_98' title='bbox 1083 1503 1222 1570; x_wconf 76' lang='lat' dir='ltr'>quam-4</span> 
     </span>
     <span class='ocr_line' id='line_1_13' title="bbox 184 1595 1189 1672; baseline 0.004 -19"><span class='ocrx_word' id='word_1_99' title='bbox 184 1614 277 1672; x_wconf 92' lang='lat' dir='ltr'>quam</span> <span class='ocrx_word' id='word_1_100' title='bbox 291 1595 483 1654; x_wconf 88' lang='lat' dir='ltr'>tirunculum</span> <span class='ocrx_word' id='word_1_101' title='bbox 498 1595 682 1655; x_wconf 88' lang='lat' dir='ltr'>sollicitavit</span> <span class='ocrx_word' id='word_1_102' title='bbox 699 1597 739 1656; x_wconf 88' lang='lat' dir='ltr'>ad</span> <span class='ocrx_word' id='word_1_103' title='bbox 760 1597 933 1655; x_wconf 91' lang='lat' dir='ltr'>emendum.</span> <span class='ocrx_word' id='word_1_104' title='bbox 975 1597 1049 1654; x_wconf 87' lang='lat' dir='ltr'>Emi</span> <span class='ocrx_word' id='word_1_105' title='bbox 1071 1603 1189 1672; x_wconf 89' lang='lat' dir='ltr'>autem,</span> 
     </span>
     <span class='ocr_line' id='line_1_14' title="bbox 183 1700 1191 1778; baseline 0.004 -21"><span class='ocrx_word' id='word_1_106' title='bbox 183 1719 246 1758; x_wconf 91' lang='lat' dir='ltr'>non</span> <span class='ocrx_word' id='word_1_107' title='bbox 266 1704 303 1758; x_wconf 93' lang='lat' dir='ltr'>ut</span> <span class='ocrx_word' id='word_1_108' title='bbox 323 1700 468 1759; x_wconf 87' lang='lat' dir='ltr'>haberem</span> <span class='ocrx_word' id='word_1_109' title='bbox 489 1700 572 1759; x_wconf 86' lang='lat' dir='ltr'>domi</span> <span class='ocrx_word' id='word_1_110' title='bbox 596 1701 710 1778; x_wconf 86' lang='lat' dir='ltr'>(neque</span> <span class='ocrx_word' id='word_1_111' title='bbox 731 1701 815 1759; x_wconf 90' lang='lat' dir='ltr'>enim</span> <span class='ocrx_word' id='word_1_112' title='bbox 835 1701 935 1760; x_wconf 93' lang='lat' dir='ltr'>ullum</span> <span class='ocrx_word' id='word_1_113' title='bbox 956 1701 1059 1761; x_wconf 87' lang='lat' dir='ltr'>adhuc</span> <span class='ocrx_word' id='word_1_114' title='bbox 1082 1703 1191 1761; x_wconf 83' lang='lat' dir='ltr'>Corin-</span> 
     </span>
     <span class='ocr_line' id='line_1_15' title="bbox 183 1804 1191 1885; baseline 0.004 -22"><span class='ocrx_word' id='word_1_115' title='bbox 183 1805 286 1863; x_wconf 88' lang='lat' dir='ltr'>thium</span> <span class='ocrx_word' id='word_1_116' title='bbox 302 1805 385 1863; x_wconf 87' lang='lat' dir='ltr'>domi</span> <span class='ocrx_word' id='word_1_117' title='bbox 399 1804 522 1885; x_wconf 85' lang='lat' dir='ltr'>habeo),</span> <span class='ocrx_word' id='word_1_118' title='bbox 534 1824 641 1864; x_wconf 86' lang='lat' dir='ltr'>verum</span> <span class='ocrx_word' id='word_1_119' title='bbox 656 1812 691 1865; x_wconf 89' lang='lat' dir='ltr'>ut</span> <span class='ocrx_word' id='word_1_120' title='bbox 705 1806 739 1864; x_wconf 90' lang='lat' dir='ltr'>in</span> <span class='ocrx_word' id='word_1_121' title='bbox 753 1806 857 1882; x_wconf 88' lang='lat' dir='ltr'>patria</span> <span class='ocrx_word' id='word_1_122' title='bbox 871 1811 977 1866; x_wconf 90' lang='lat' dir='ltr'>nostra</span> <span class='ocrx_word' id='word_1_123' title='bbox 987 1806 1106 1866; x_wconf 87' lang='lat' dir='ltr'>celebri</span> <span class='ocrx_word' id='word_1_124' title='bbox 1120 1807 1191 1867; x_wconf 88' lang='lat' dir='ltr'>loco</span> 
     </span>
     <span class='ocr_line' id='line_1_16' title="bbox 136 1911 1223 1989; baseline 0.003 -19"><span class='ocrx_word' id='word_1_125' title='bbox 136 1926 164 1970; x_wconf 79' lang='lat'>15</span> <span class='ocrx_word' id='word_1_126' title='bbox 184 1929 340 1988; x_wconf 79' lang='lat' dir='ltr'>ponerem,</span> <span class='ocrx_word' id='word_1_127' title='bbox 358 1930 393 1970; x_wconf 91' lang='lat' dir='ltr'>ac</span> <span class='ocrx_word' id='word_1_128' title='bbox 414 1911 612 1987; x_wconf 89' lang='lat' dir='ltr'>potissimum</span> <span class='ocrx_word' id='word_1_129' title='bbox 634 1912 667 1969; x_wconf 90' lang='lat' dir='ltr'>in</span> <span class='ocrx_word' id='word_1_130' title='bbox 689 1912 775 1972; x_wconf 86' lang='lat' dir='ltr'>Iovis</span> <span class='ocrx_word' id='word_1_131' title='bbox 796 1912 931 1989; x_wconf 88' lang='lat' dir='ltr'>templo:</span> <span class='ocrx_word' id='word_1_132' title='bbox 954 1911 1081 1971; x_wconf 88' lang='lat' dir='ltr'>videtur</span> <span class='ocrx_word' id='word_1_133' title='bbox 1103 1913 1223 1973; x_wconf 80' lang='lat' dir='ltr'>enims</span> 
     </span>
     <span class='ocr_line' id='line_1_17' title="bbox 185 2016 1190 2093; baseline 0.003 -18"><span class='ocrx_word' id='word_1_134' title='bbox 185 2016 314 2091; x_wconf 87' lang='lat' dir='ltr'>dignum</span> <span class='ocrx_word' id='word_1_135' title='bbox 335 2016 461 2093; x_wconf 89' lang='lat' dir='ltr'>templo,</span> <span class='ocrx_word' id='word_1_136' title='bbox 477 2017 606 2090; x_wconf 85' lang='lat' dir='ltr'>dignum</span> <span class='ocrx_word' id='word_1_137' title='bbox 628 2017 685 2075; x_wconf 89' lang='lat' dir='ltr'>deo</span> <span class='ocrx_word' id='word_1_138' title='bbox 707 2017 831 2076; x_wconf 88' lang='lat' dir='ltr'>donum.</span> <span class='ocrx_word' id='word_1_139' title='bbox 873 2017 921 2075; x_wconf 85' lang='lat' dir='ltr'>Tu</span> <span class='ocrx_word' id='word_1_140' title='bbox 943 2036 1024 2093; x_wconf 82' lang='lat' dir='ltr'>ergo,</span> <span class='ocrx_word' id='word_1_141' title='bbox 1046 2022 1084 2076; x_wconf 94' lang='lat' dir='ltr'>ut</span> <span class='ocrx_word' id='word_1_142' title='bbox 1106 2018 1190 2078; x_wconf 88' lang='lat' dir='ltr'>soles</span> 
     </span>
     <span class='ocr_line' id='line_1_18' title="bbox 185 2121 1191 2199; baseline 0.003 -19"><span class='ocrx_word' id='word_1_143' title='bbox 185 2121 289 2180; x_wconf 89' lang='lat' dir='ltr'>omnia</span> <span class='ocrx_word' id='word_1_144' title='bbox 303 2140 382 2198; x_wconf 89' lang='lat' dir='ltr'>quae</span> <span class='ocrx_word' id='word_1_145' title='bbox 396 2140 415 2180; x_wconf 92' lang='lat' dir='ltr'>a</span> <span class='ocrx_word' id='word_1_146' title='bbox 429 2140 477 2179; x_wconf 89' lang='lat' dir='ltr'>me</span> <span class='ocrx_word' id='word_1_147' title='bbox 492 2121 551 2180; x_wconf 89' lang='lat' dir='ltr'>tibi</span> <span class='ocrx_word' id='word_1_148' title='bbox 570 2121 785 2196; x_wconf 78' lang='lat' dir='ltr'>iniunguutur,</span> <span class='ocrx_word' id='word_1_149' title='bbox 801 2121 923 2199; x_wconf 85' lang='lat' dir='ltr'>suscipe</span> <span class='ocrx_word' id='word_1_150' title='bbox 937 2121 1019 2180; x_wconf 91' lang='lat' dir='ltr'>hano</span> <span class='ocrx_word' id='word_1_151' title='bbox 1033 2141 1141 2182; x_wconf 89' lang='lat' dir='ltr'>curam</span> <span class='ocrx_word' id='word_1_152' title='bbox 1157 2129 1191 2183; x_wconf 88' lang='lat' dir='ltr'>et</span> 
     </span>
     <span class='ocr_line' id='line_1_19' title="bbox 185 2226 1189 2307; baseline 0.004 -23"><span class='ocrx_word' id='word_1_153' title='bbox 185 2227 248 2285; x_wconf 89' lang='lat' dir='ltr'>iam</span> <span class='ocrx_word' id='word_1_154' title='bbox 267 2246 349 2285; x_wconf 90' lang='lat' dir='ltr'>nuuc</span> <span class='ocrx_word' id='word_1_155' title='bbox 371 2227 442 2286; x_wconf 90' lang='lat' dir='ltr'>iube</span> <span class='ocrx_word' id='word_1_156' title='bbox 463 2227 563 2286; x_wconf 87' lang='lat' dir='ltr'>basim</span> <span class='ocrx_word' id='word_1_157' title='bbox 584 2226 661 2300; x_wconf 85' lang='lat' dir='ltr'>fieri,</span> <span class='ocrx_word' id='word_1_158' title='bbox 678 2246 716 2285; x_wconf 84' lang='lat' dir='ltr'>cx</span> <span class='ocrx_word' id='word_1_159' title='bbox 738 2246 800 2303; x_wconf 90' lang='lat' dir='ltr'>quo</span> <span class='ocrx_word' id='word_1_160' title='bbox 821 2228 906 2286; x_wconf 90' lang='lat' dir='ltr'>voles</span> <span class='ocrx_word' id='word_1_161' title='bbox 928 2246 1091 2303; x_wconf 89' lang='lat' dir='ltr'>marmore,</span> <span class='ocrx_word' id='word_1_162' title='bbox 1108 2248 1189 2307; x_wconf 88' lang='lat' dir='ltr'>quae</span> 
     </span>
     <span class='ocr_line' id='line_1_20' title="bbox 184 2332 1189 2410; baseline 0.005 -21"><span class='ocrx_word' id='word_1_163' title='bbox 184 2351 297 2400; x_wconf 88' lang='lat' dir='ltr'>nomeu</span> <span class='ocrx_word' id='word_1_164' title='bbox 317 2351 421 2390; x_wconf 87' lang='lat' dir='ltr'>mcum</span> <span class='ocrx_word' id='word_1_165' title='bbox 442 2332 635 2409; x_wconf 86' lang='lat' dir='ltr'>honoresque</span> <span class='ocrx_word' id='word_1_166' title='bbox 657 2332 770 2409; x_wconf 79' lang='lat' dir='ltr'>capiat,</span> <span class='ocrx_word' id='word_1_167' title='bbox 788 2333 816 2392; x_wconf 92' lang='lat' dir='ltr'>si</span> <span class='ocrx_word' id='word_1_168' title='bbox 835 2333 892 2392; x_wconf 91' lang='lat' dir='ltr'>hos</span> <span class='ocrx_word' id='word_1_169' title='bbox 915 2351 1037 2409; x_wconf 90' lang='lat' dir='ltr'>quoque</span> <span class='ocrx_word' id='word_1_170' title='bbox 1058 2335 1189 2410; x_wconf 89' lang='lat' dir='ltr'>putabis</span> 
     </span>
     <span class='ocr_line' id='line_1_21' title="bbox 136 2437 1223 2520; baseline 0 -20"><span class='ocrx_word' id='word_1_171' title='bbox 136 2454 165 2500; x_wconf 85' lang='lat'>20</span> <span class='ocrx_word' id='word_1_172' title='bbox 185 2437 352 2496; x_wconf 89' lang='lat' dir='ltr'>addendos.</span> <span class='ocrx_word' id='word_1_173' title='bbox 395 2439 463 2512; x_wconf 86' lang='lat' dir='ltr'>Ego</span> <span class='ocrx_word' id='word_1_174' title='bbox 478 2437 601 2512; x_wconf 87' lang='lat' dir='ltr'>signum</span> <span class='ocrx_word' id='word_1_175' title='bbox 622 2438 734 2520; x_wconf 88' lang='lat' dir='ltr'>ipsum,</span> <span class='ocrx_word' id='word_1_176' title='bbox 750 2443 785 2496; x_wconf 90' lang='lat' dir='ltr'>ut</span> <span class='ocrx_word' id='word_1_177' title='bbox 807 2437 941 2514; x_wconf 89' lang='lat' dir='ltr'>primurn</span> <span class='ocrx_word' id='word_1_178' title='bbox 962 2437 1114 2497; x_wconf 86' lang='lat' dir='ltr'>invenero</span> <span class='ocrx_word' id='word_1_179' title='bbox 1135 2439 1223 2501; x_wconf 79' lang='lat' dir='ltr'>ali-s</span> 
     </span>
     <span class='ocr_line' id='line_1_22' title="bbox 186 2542 1188 2620; baseline 0.003 -20"><span class='ocrx_word' id='word_1_180' title='bbox 186 2561 278 2618; x_wconf 87' lang='lat' dir='ltr'>quern</span> <span class='ocrx_word' id='word_1_181' title='bbox 292 2543 346 2619; x_wconf 93' lang='lat' dir='ltr'>qui</span> <span class='ocrx_word' id='word_1_182' title='bbox 360 2561 423 2601; x_wconf 91' lang='lat' dir='ltr'>non</span> <span class='ocrx_word' id='word_1_183' title='bbox 437 2548 591 2619; x_wconf 84' lang='lat' dir='ltr'>gravetur,</span> <span class='ocrx_word' id='word_1_184' title='bbox 604 2543 727 2601; x_wconf 88' lang='lat' dir='ltr'>mittam</span> <span class='ocrx_word' id='word_1_185' title='bbox 743 2542 811 2615; x_wconf 85' lang='lat' dir='ltr'>tibi,</span> <span class='ocrx_word' id='word_1_186' title='bbox 822 2542 873 2600; x_wconf 87' lang='lat' dir='ltr'>vel</span> <span class='ocrx_word' id='word_1_187' title='bbox 888 2542 964 2619; x_wconf 88' lang='lat' dir='ltr'>ipse,</span> <span class='ocrx_word' id='word_1_188' title='bbox 976 2542 1061 2619; x_wconf 92' lang='lat' dir='ltr'>quod</span> <span class='ocrx_word' id='word_1_189' title='bbox 1074 2544 1188 2620; x_wconf 85' lang='lat' dir='ltr'>mavis,</span> 
     </span>
     <span class='ocr_line' id='line_1_23' title="bbox 186 2647 1190 2726; baseline 0.001 -19"><span class='ocrx_word' id='word_1_190' title='bbox 186 2648 326 2707; x_wconf 78' lang='lat' dir='ltr'>adferam</span> <span class='ocrx_word' id='word_1_191' title='bbox 340 2667 468 2707; x_wconf 89' lang='lat' dir='ltr'>mecum.</span> <span class='ocrx_word' id='word_1_192' title='bbox 511 2648 643 2707; x_wconf 89' lang='lat' dir='ltr'>Destino</span> <span class='ocrx_word' id='word_1_193' title='bbox 655 2648 747 2721; x_wconf 78' lang='lat' dir='ltr'>enirn,</span> <span class='ocrx_word' id='word_1_194' title='bbox 760 2647 786 2706; x_wconf 88' lang='lat' dir='ltr'>si</span> <span class='ocrx_word' id='word_1_195' title='bbox 801 2653 906 2707; x_wconf 91' lang='lat' dir='ltr'>tamen</span> <span class='ocrx_word' id='word_1_196' title='bbox 918 2647 1010 2706; x_wconf 92' lang='lat' dir='ltr'>officii</span> <span class='ocrx_word' id='word_1_197' title='bbox 1024 2648 1108 2708; x_wconf 87' lang='lat' dir='ltr'>ratio</span> <span class='ocrx_word' id='word_1_198' title='bbox 1123 2668 1190 2726; x_wconf 91' lang='lat' dir='ltr'>pcr-</span> 
     </span>
     <span class='ocr_line' id='line_1_24' title="bbox 185 2752 1222 2830; baseline 0.004 -20"><span class='ocrx_word' id='word_1_199' title='bbox 185 2753 315 2828; x_wconf 87' lang='lat' dir='ltr'>miserit,</span> <span class='ocrx_word' id='word_1_200' title='bbox 331 2771 493 2812; x_wconf 83' lang='lat' dir='ltr'>excurrere</span> <span class='ocrx_word' id='word_1_201' title='bbox 507 2753 576 2813; x_wconf 90' lang='lat' dir='ltr'>istc.</span> <span class='ocrx_word' id='word_1_202' title='bbox 621 2754 745 2813; x_wconf 84' lang='lat' dir='ltr'>Gaudes</span> <span class='ocrx_word' id='word_1_203' title='bbox 761 2752 846 2830; x_wconf 91' lang='lat' dir='ltr'>quod</span> <span class='ocrx_word' id='word_1_204' title='bbox 866 2771 914 2811; x_wconf 90' lang='lat' dir='ltr'>me</span> <span class='ocrx_word' id='word_1_205' title='bbox 937 2757 1106 2812; x_wconf 88' lang='lat' dir='ltr'>venturum</span> <span class='ocrx_word' id='word_1_206' title='bbox 1120 2773 1189 2815; x_wconf 90' lang='lat' dir='ltr'>esse</span> <span class='ocrx_word' id='word_1_207' title='bbox 1209 2769 1222 2814; x_wconf 80' lang='grc'><strong>7</strong></span> 
     </span>
     <span class='ocr_line' id='line_1_25' title="bbox 186 2857 1189 2936; baseline 0.004 -20"><span class='ocrx_word' id='word_1_208' title='bbox 186 2857 343 2936; x_wconf 85' lang='lat' dir='ltr'>polliceor,</span> <span class='ocrx_word' id='word_1_209' title='bbox 360 2858 414 2918; x_wconf 88' lang='lat' dir='ltr'>sed</span> <span class='ocrx_word' id='word_1_210' title='bbox 428 2859 592 2918; x_wconf 88' lang='lat' dir='ltr'>contrahes</span> <span class='ocrx_word' id='word_1_211' title='bbox 607 2860 753 2931; x_wconf 84' lang='lat' dir='ltr'>frontem,</span> <span class='ocrx_word' id='word_1_212' title='bbox 768 2877 838 2916; x_wconf 89' lang='lat' dir='ltr'>cum</span> <span class='ocrx_word' id='word_1_213' title='bbox 853 2857 995 2916; x_wconf 90' lang='lat' dir='ltr'>adiecero</span> <span class='ocrx_word' id='word_1_214' title='bbox 1011 2858 1054 2917; x_wconf 89' lang='lat' dir='ltr'>ad</span> <span class='ocrx_word' id='word_1_215' title='bbox 1072 2878 1189 2936; x_wconf 87' lang='lat' dir='ltr'>paucos</span> 
     </span>
     <span class='ocr_line' id='line_1_26' title="bbox 137 2962 1190 3042; baseline 0.002 -20"><span class='ocrx_word' id='word_1_216' title='bbox 137 2982 166 3028; x_wconf 81' lang='lat'>25</span> <span class='ocrx_word' id='word_1_217' title='bbox 186 2963 268 3023; x_wconf 85' lang='lat' dir='ltr'>dies:</span> <span class='ocrx_word' id='word_1_218' title='bbox 295 2983 395 3041; x_wconf 88' lang='lat' dir='ltr'>neque</span> <span class='ocrx_word' id='word_1_219' title='bbox 420 2963 503 3022; x_wconf 85' lang='lat' dir='ltr'>enim</span> <span class='ocrx_word' id='word_1_220' title='bbox 527 2963 646 3023; x_wconf 84' lang='lat' dir='ltr'>diutius</span> <span class='ocrx_word' id='word_1_221' title='bbox 671 2963 778 3023; x_wconf 90' lang='lat' dir='ltr'>abesse</span> <span class='ocrx_word' id='word_1_222' title='bbox 801 2981 849 3021; x_wconf 91' lang='lat' dir='ltr'>me</span> <span class='ocrx_word' id='word_1_223' title='bbox 872 2962 978 3022; x_wconf 85' lang='lat' dir='ltr'>cadem</span> <span class='ocrx_word' id='word_1_224' title='bbox 1005 2963 1083 3023; x_wconf 87' lang='lat' dir='ltr'>haec</span> <span class='ocrx_word' id='word_1_225' title='bbox 1109 2983 1190 3042; x_wconf 89' lang='lat' dir='ltr'>quae</span> 
     </span>
     <span class='ocr_line' id='line_1_27' title="bbox 186 3068 741 3145; baseline 0 -19"><span class='ocrx_word' id='word_1_226' title='bbox 186 3069 322 3127; x_wconf 86' lang='lat' dir='ltr'>nondum</span> <span class='ocrx_word' id='word_1_227' title='bbox 339 3068 424 3128; x_wconf 80' lang='lat' dir='ltr'>exire</span> <span class='ocrx_word' id='word_1_228' title='bbox 439 3069 610 3145; x_wconf 88' lang='lat' dir='ltr'>patiuntur.</span> <span class='ocrx_word' id='word_1_229' title='bbox 654 3068 741 3129; x_wconf 89' lang='lat' dir='ltr'>Vale.</span> 
     </span>
    </p>
   </div>
   <div class='ocr_carea' id='block_1_3' title="bbox 354 3231 1022 3543">
    <p class='ocr_par' dir='ltr' id='par_1_3' title="bbox 354 3231 1022 3543">
     <span class='ocr_line' id='line_1_28' title="bbox 592 3231 776 3312; baseline -0.033 -18"><span class='ocrx_word' id='word_1_230' title='bbox 592 3234 645 3294; x_wconf 84' lang='grc'>33.</span> <span class='ocrx_word' id='word_1_231' title='bbox 674 3231 776 3312; x_wconf 87' lang='lat' dir='ltr'><strong>(VII.)</strong></span> 
     </span>
     <span class='ocr_line' id='line_1_29' title="bbox 371 3360 1005 3414; baseline -0.005 0"><span class='ocrx_word' id='word_1_232' title='bbox 371 3365 400 3414; x_wconf 87' lang='lat' dir='ltr'>C.</span> <span class='ocrx_word' id='word_1_233' title='bbox 426 3362 570 3413; x_wconf 87' lang='lat' dir='ltr'>PLINIUS</span> <span class='ocrx_word' id='word_1_234' title='bbox 594 3361 745 3412; x_wconf 88' lang='lat' dir='ltr'>CANINIO</span> <span class='ocrx_word' id='word_1_235' title='bbox 768 3361 866 3412; x_wconf 80' lang='lat' dir='ltr'>RUFO</span> <span class='ocrx_word' id='word_1_236' title='bbox 890 3361 957 3411; x_wconf 89' lang='lat' dir='ltr'>SUO</span> <span class='ocrx_word' id='word_1_237' title='bbox 980 3360 1005 3411; x_wconf 88' lang='lat' dir='ltr'>S.</span> 
     </span>
     <span class='ocr_line' id='line_1_30' title="bbox 354 3478 1022 3543; baseline -0.009 -11"><span class='ocrx_word' id='word_1_238' title='bbox 354 3482 514 3543; x_wconf 79' lang='lat' dir='ltr'>Reflcotioas</span> <span class='ocrx_word' id='word_1_239' title='bbox 526 3495 598 3542; x_wconf 82' lang='lat' dir='ltr'>upon</span> <span class='ocrx_word' id='word_1_240' title='bbox 611 3482 653 3530; x_wconf 81' lang='lat' dir='ltr'>tte</span> <span class='ocrx_word' id='word_1_241' title='bbox 665 3481 742 3530; x_wconf 68' lang='lat' dir='ltr'>dealt</span> <span class='ocrx_word' id='word_1_242' title='bbox 755 3481 787 3542; x_wconf 86' lang='lat' dir='ltr'>os</span> <span class='ocrx_word' id='word_1_243' title='bbox 802 3478 888 3530; x_wconf 78' lang='lat' dir='ltr'>Silius</span> <span class='ocrx_word' id='word_1_244' title='bbox 900 3480 1022 3529; x_wconf 78' lang='lat' dir='ltr'>Italicus.</span> 
     </span>
    </p>
   </div>
   <div class='ocr_carea' id='block_1_4' title="bbox 189 3594 1228 3763">
    <p class='ocr_par' dir='ltr' id='par_1_4' title="bbox 189 3594 1228 3763">
     <span class='ocr_line' id='line_1_31' title="bbox 228 3594 1226 3671; baseline -0.003 -17"><span class='ocrx_word' id='word_1_245' title='bbox 228 3597 323 3656; x_wconf 91' lang='lat' dir='ltr'>Modo</span> <span class='ocrx_word' id='word_1_246' title='bbox 337 3597 501 3656; x_wconf 90' lang='lat' dir='ltr'>nuntiatus</span> <span class='ocrx_word' id='word_1_247' title='bbox 516 3601 564 3656; x_wconf 87' lang='lat' dir='ltr'>est</span> <span class='ocrx_word' id='word_1_248' title='bbox 580 3596 675 3655; x_wconf 83' lang='lat' dir='ltr'>Silius</span> <span class='ocrx_word' id='word_1_249' title='bbox 696 3595 828 3655; x_wconf 87' lang='lat' dir='ltr'>Italicus</span> <span class='ocrx_word' id='word_1_250' title='bbox 848 3595 881 3652; x_wconf 91' lang='lat' dir='ltr'>in</span> <span class='ocrx_word' id='word_1_251' title='bbox 899 3594 1112 3671; x_wconf 87' lang='lat' dir='ltr'>Neapolitano</span> <span class='ocrx_word' id='word_1_252' title='bbox 1135 3616 1191 3658; x_wconf 90' lang='lat' dir='ltr'>suo</span> <span class='ocrx_word' id='word_1_253' title='bbox 1213 3605 1226 3651; x_wconf 86' lang='lat'>1</span> 
     </span>
     <span class='ocr_line' id='line_1_32' title="bbox 189 3699 1228 3763; baseline 0 -3"><span class='ocrx_word' id='word_1_254' title='bbox 189 3701 294 3761; x_wconf 89' lang='lat' dir='ltr'>inedia</span> <span class='ocrx_word' id='word_1_255' title='bbox 313 3701 420 3762; x_wconf 88' lang='lat' dir='ltr'>finisse</span> <span class='ocrx_word' id='word_1_256' title='bbox 440 3701 547 3761; x_wconf 89' lang='lat' dir='ltr'>vitam.</span> <span class='ocrx_word' id='word_1_257' title='bbox 591 3701 692 3762; x_wconf 85' lang='lat' dir='ltr'>Causa</span> <span class='ocrx_word' id='word_1_258' title='bbox 712 3700 821 3760; x_wconf 84' lang='lat' dir='ltr'>mortis</span> <span class='ocrx_word' id='word_1_259' title='bbox 844 3699 998 3759; x_wconf 86' lang='lat' dir='ltr'>valetudo.</span> <span class='ocrx_word' id='word_1_260' title='bbox 1041 3701 1121 3762; x_wconf 83' lang='lat' dir='ltr'>Erat</span> <span class='ocrx_word' id='word_1_261' title='bbox 1142 3703 1228 3763; x_wconf 80' lang='lat' dir='ltr'>illia</span> 
     </span>
    </p>
   </div>
   <div class='ocr_carea' id='block_1_5' title="bbox 0 0 1336 4170">
    <p class='ocr_par' dir='ltr' id='par_1_5' title="bbox 0 0 1336 4170">
     <span class='ocr_line' id='line_1_33' title="bbox 0 0 1336 4170; baseline 0 0"><span class='ocrx_word' id='word_1_262' title='bbox 0 0 1336 4170; x_wconf 95' lang='lat' dir='ltr'> </span> 
     </span>
    </p>
   </div>
  </div>
 </body>
</html>
