2664 4170
470 259 731 310 EPISTULARUM
751 259 813 309 vii.
833 259 875 310 33.
1112 243 1174 306 101

134 429 342 489 eritudinem
371 429 518 508 inplesse,
543 430 715 508 impietatis
743 450 830 490 reum
855 429 1003 509 postulat.
1054 429 1175 488 Horror

170 536 327 594 omnium:
351 554 406 611 ege
425 541 531 596 autem
551 537 695 596 ‘vereor’
710 536 848 614 inquam,
864 535 1046 596 ‘clarissimi
1067 553 1175 594 eonsu-

170 639 227 713 les,
242 659 281 700 ne
301 641 380 700 inihi
397 643 504 702 Massa
521 641 649 702 silentio
667 661 722 702 suo
740 641 1038 719 praevaricationem
1058 640 1174 700 obiece-

169 745 222 820 rit,
251 747 333 824 quod
362 765 424 805 non
452 751 484 806 et
511 765 561 806 me
588 765 676 806 reum
706 747 899 824 postulavit!
941 747 1024 817 Quae
1052 764 1113 804 vox
1141 750 1173 805 et

170 851 279 910 statim
300 857 431 928 excepta
455 857 487 912 et
510 857 619 929 postea
646 851 746 911 multo
770 869 910 912 sermone
934 851 1090 910 celebrata
1114 856 1170 909 est.
1191 859 1207 903 e

134 967 150 1014 9
169 955 272 1016 Divus
293 956 419 1032 quidem
440 958 548 1017 Nerva
569 956 654 1036 (nam
676 957 820 1033 privatus
845 973 967 1034 quoque
989 955 1172 1015 attendebat

168 1059 221 1121 his
240 1079 320 1139 quae
337 1067 420 1121 recte
439 1062 473 1120 in
493 1061 618 1139 publico
636 1061 762 1144 fierent)
778 1060 882 1122 missis
901 1061 942 1121 ad
963 1078 1011 1119 me
1028 1060 1173 1136 gravissi-

168 1165 231 1226 mis
258 1166 375 1227 litteris
402 1186 465 1226 non
492 1167 570 1226 mihi
599 1167 699 1227 solum
723 1185 831 1226 verum
857 1166 953 1226 etiam
977 1166 1099 1225 saeeulo
1124 1171 1172 1226 est

168 1271 354 1348 gratulatus,
374 1272 425 1332 eui
442 1271 620 1349 exemplum
635 1271 694 1351 (sie
715 1272 798 1331 enim
821 1270 960 1351 scripsit)
977 1270 1079 1330 simile
1095 1270 1172 1330 anti-

120 1393 147 1439 ιο
168 1377 241 1454 quis
269 1377 459 1454 contigisset.
516 1377 613 1453 Haec,
641 1382 810 1454 utcumque
838 1395 870 1436 se
899 1375 1024 1450 habent,
1045 1375 1171 1450 ‘notiora
1192 1385 1221 1430 10
1308 1368 1311 1373 ’

167 1481 302 1542 clariora
335 1483 453 1542 maiora
479 1488 516 1543 tu
545 1482 662 1542 faeies:
698 1500 886 1559 quamquam
920 1500 983 1540 non
1018 1480 1108 1555 exigo
1135 1486 1171 1539 ut

167 1588 302 1648 excedas
330 1594 417 1648 actae
445 1588 490 1647 rei
520 1588 654 1648 modum.
717 1588 800 1646 Nam
828 1606 886 1646 nee
919 1585 1053 1646 historia
1079 1585 1171 1670 debet

167 1692 276 1770 egredi
292 1692 457 1752 veritatem
475 1699 508 1752 et
526 1692 657 1752 honeste
674 1691 769 1752 fectis
787 1691 903 1751 veritas
918 1690 1039 1751 suffieit.
1081 1689 1168 1750 Vale.
