2664 4170
422 278 684 330 nomannorum
708 279 801 330 v.1o.
1072 266 1112 332 71

106 451 220 511 acerba
245 469 365 527 semper
389 457 421 510 et
443 451 602 511 inmatura
624 470 707 510 mors
729 469 834 510 eorum
858 450 912 527 qui
937 450 1113 510 immortale

105 555 231 632 aliquid
252 561 372 632 parant.
416 557 499 616 Nam
522 556 577 633 qui
604 556 820 633 voluptatibus
846 555 947 615 dediti
968 556 1058 632 quasi
1079 556 1114 615 in

106 661 193 720 diem
221 661 334 721 vivunt
362 662 489 721 vivendi
517 680 627 723 causas
651 662 767 722 cotidie
792 661 923 736 finiunt;
960 662 1014 738 qui
1039 681 1113 722 vero

104 773 249 845 posteros
271 767 411 843 cogitant
432 774 464 827 et
489 767 670 827 memoriam
691 768 740 828 sui
761 767 907 845 operibus
929 768 1111 842 extendunt,

104 873 159 932 his
174 872 262 932 nulla
280 891 363 933 mors
381 891 444 932 non
458 873 623 950 repentina
637 878 693 948 est,
709 879 745 932 ut
759 891 839 950 quae
854 891 977 950 semper
990 873 1113 932 incoha-
1131 880 1146 925 ὅ

64 993 83 1040 o
104 983 176 1038 tum
191 978 312 1054 aliquid
326 978 498 1056 abrumpat.
529 979 627 1039 Gaius
643 979 769 1055 quidem
780 979 929 1053 Fannius,
942 979 1026 1055 qnod
1036 978 1113 1038 acci-

105 1083 165 1158 dit,
180 1084 281 1143 multo
295 1089 368 1143 ante
382 1083 566 1161 praesensit.
608 1084 704 1144 Visus
719 1089 767 1143 est
782 1084 841 1143 sibi
857 1102 911 1160 per
928 1089 1112 1144 nocturnam

105 1189 246 1265 quietem
267 1188 367 1248 iacere
389 1190 423 1248 in
443 1188 558 1248 lectulo
580 1208 636 1249 suo
657 1189 846 1266 compositus
863 1189 897 1247 in
916 1189 1028 1248 habitu
1047 1195 1111 1250 stu·

105 1293 222 1368 dentis,
237 1294 352 1354 habere
367 1300 439 1354 ante
455 1313 487 1354 se
503 1293 653 1354 scrinium
670 1295 730 1372 (ita
744 1294 877 1376 solebat)
890 1318 895 1353 :
919 1313 991 1352 mox
1006 1295 1112 1369 imagi-

104 1405 200 1458 natus
217 1405 266 1458 est
281 1399 404 1459 venisse
423 1401 591 1474 Neronem,
607 1399 641 1458 in
657 1405 726 1459 toro
744 1400 905 1485 resedisse,
921 1400 1110 1478 prompsisse
1132 1396 1168 1461 10⁴

104 1504 243 1582 primum
259 1503 374 1563 librum
389 1523 482 1582 quem
497 1506 536 1563 de
557 1505 726 1565 sceleribus
741 1505 808 1566 eius
823 1506 965 1565 ediderat
979 1524 1111 1582 eumque

105 1610 148 1669 ad
162 1616 336 1668 extremum
347 1610 527 1684 revolvisse,
540 1610 623 1669 idem
638 1611 819 1671 insecundo
833 1630 869 1670 ao
884 1611 976 1670 tertio
988 1611 1110 1687 iecisse,

64 1736 83 1781 6
104 1722 183 1775 tunc
197 1715 307 1774 abisse.
351 1715 491 1792 Expavit
513 1721 544 1774 et
566 1716 610 1776 sio
632 1716 857 1793 interpretatus
879 1722 1111 1793 est,‚tamquam

105 1821 190 1880 idern
219 1820 280 1880 sibi
308 1820 434 1881 futurus
463 1827 546 1881 esset
570 1821 727 1881 scribendi
752 1821 824 1881 finis
850 1821 905 1898 qui
926 1822 1040 1882 fuisset
1061 1822 1111 1881 illi

64 1942 81 1988 7
104 1925 239 2001 legendi,
263 1931 294 1984 et
315 1926 378 1984 fuit
399 1927 491 1985 idem.
534 1926 624 1996 Quod
645 1945 694 1986 me
715 1927 929 1986 recordantem
950 1928 1111 1987 miseratio
1131 1944 1159 1988 15

105 2031 193 2092 subit
221 2036 373 2108 quantum
402 2025 593 2107 vigiliarum,
615 2037 767 2108 quantum
791 2032 906 2091 laboris
931 2033 1111 2092 exhauserit

103 2138 234 2196 frustra.
278 2136 449 2196 Occursant
472 2137 576 2195 animo
598 2155 666 2196 mea
690 2136 873 2210 mortalitas,
893 2156 962 2197 mea
984 2138 1108 2215 scripta.

103 2243 174 2302 Nec
190 2241 299 2301 dubito
318 2246 350 2300 te
372 2261 494 2318 quoque
513 2242 619 2301 eadem
641 2241 829 2316 cogitatione
843 2243 953 2301 terreri
968 2262 1025 2320 pro
1039 2243 1110 2303 istis

62 2371 80 2416 g
104 2365 186 2425 quae
211 2347 294 2405 inter
322 2365 432 2406 manus
461 2345 565 2407 habes.
609 2346 754 2422 Proinde,
777 2348 850 2406 dum
873 2348 1014 2425 suppetit
1035 2349 1109 2435 vita,

103 2452 262 2512 enitamur
283 2456 319 2510 ut
340 2471 422 2511 mors
444 2470 538 2528 quarn
559 2452 749 2530 paucissima
770 2470 849 2528 quae
867 2452 990 2512 abolere
1009 2453 1111 2530 possit
1130 2466 1160 2511 20

103 2556 256 2616 inveniat.
299 2556 387 2616 Vale.
960 2575 962 2578 ’

532 2708 584 2770 sa
614 2706 682 2787 (x.)

205 2875 235 2926 C.
258 2875 402 2926 PLINIUS
426 2875 606 2926 SUETONIO
630 2877 866 2940 TRANQUILLO
890 2877 958 2929 SUO
982 2878 1007 2928 S.

105 3033 255 3087 Suetonius
266 3035 291 3083 is
303 3033 401 3096 beqped
413 3040 459 3083 aot
471 3040 498 3084 to
511 3035 587 3095 delae
600 3036 693 3097 loaqer
705 3036 747 3084 tlte
755 3036 972 3098 publicationes
980 3036 1109 3086 hisworlc.

62 3206 77 3250 1
145 3189 261 3250 Libera
275 3188 404 3249 tandem
421 3189 754 3268 hendecasyllaborum
776 3210 913 3250 meorum
934 3191 1038 3266 fidem,
1054 3191 1110 3268 qui

103 3295 226 3373 scripta
249 3300 306 3354 tua
327 3294 543 3354 communibus
572 3295 680 3356 amicis
710 3298 951 3373 spoponderunt.
994 3296 1110 3374 Appel-

102 3402 213 3462 lantur
237 3399 353 3460 cotidie
378 3405 410 3458 et
434 3399 628 3476 flagitantur,
652 3420 687 3460 aa
712 3401 775 3461 iam
801 3402 974 3479 periculum
997 3408 1046 3462 est
1069 3421 1109 3461 ne

61 3522 79 3568 2
102 3511 257 3582 cogantur
285 3505 325 3564 ad
353 3504 564 3564 exhibendum
592 3506 761 3566 formulam
788 3507 936 3585 accipere.
980 3507 1054 3567 Sum
1077 3513 1110 3567 et
1129 3517 1158 3564 25

101 3613 174 3691 ipse
189 3609 223 3670 in
237 3610 356 3670 edendo
375 3610 555 3687 haesitator,
571 3616 607 3670 tu
627 3618 733 3672 tamen
754 3632 855 3673 meam
877 3632 1000 3691 quoqne
1021 3632 1110 3672 cuno-

102 3716 259 3780 tationem
272 3716 517 3792 tarditatemque
532 3692 646 3776 vicisti.
690 3718 826 3778 Proinde
841 3724 896 3778 aut
916 3737 1026 3796 rumpe
1045 3719 1109 3779 iam
