2664 4170
495 289 756 340 urrsruraauu
781 290 801 339 1.
824 290 862 341 14.
1138 279 1177 341 11

178 463 323 523 iuvenem
344 482 383 521 ex
404 481 465 540 quo
486 461 573 522 nasei
595 467 724 539 nepotes
747 461 887 520 Aruleno
909 463 1040 522 Rustico
1061 464 1177 523 deceat.

140 577 156 622 3
178 569 239 639 Qui
254 569 378 646 quidem
395 568 449 627 diu
467 568 663 644 quaerendus
678 567 801 641 fuisset,
817 568 878 626 nisi
899 575 1028 645 paratus
1043 575 1075 627 et
1089 569 1179 646 quasi

177 677 322 750 provisus
344 679 426 732 esset
447 672 597 732 Minicius
620 672 793 747 Acilianos,
810 673 864 749 qui
880 692 928 731 me
944 679 979 732 ut
993 675 1115 733 iuvenis
1137 675 1181 732 iu-

178 797 287 838 venem
312 760 374 856 (est
401 779 483 836 enim
512 777 613 837 minor
641 777 782 855 pauculis
805 779 909 857 anuis)
934 778 1179 838 familiarissime

177 884 293 959 diligit,
309 889 467 943 reveretur
481 889 517 942 ut
532 901 645 943 senem.
689 884 771 942 Nam
789 883 835 942 ita
849 884 979 942 formari
994 902 1013 943 a
1027 904 1075 943 me
1090 892 1121 943 et
1136 885 1180 943 in·
1198 896 1214 941 c

139 1003 156 1047 4
178 989 269 1049 stitui
283 989 372 1066 cupit
384 994 421 1048 ut
435 1008 491 1064 ego
505 1008 525 1048 a
538 988 626 1048 robis
648 988 795 1047 solebam.
838 989 946 1048 Patria
961 994 1010 1048 est
1024 990 1052 1047 ei
1071 990 1180 1049 Brixia

177 1113 216 1154 ex
245 1094 301 1153 illa
321 1100 429 1154 nostra
456 1093 560 1168 Italia,
583 1112 663 1171 quae
683 1092 818 1152 multum
843 1094 943 1153 adhuc
966 1096 1178 1168 verecundiae,

177 1199 373 1276 frugalitatis
394 1205 488 1276 atque
503 1199 598 1258 etiam
621 1198 808 1258 rusticitatis
831 1199 977 1275 antiquae
1007 1200 1122 1259 retinet
1144 1219 1179 1259 ac

139 1316 155 1360 5
178 1311 291 1365 servat.
335 1305 429 1364 Pater
444 1305 594 1364 Minicius
610 1303 779 1378 Macrinus,
796 1305 949 1381 equestris
964 1305 1084 1364 ordinis
1099 1306 1180 1382 prin-

176 1429 259 1488 ceps,
275 1411 351 1487 quia
370 1409 452 1468 nihil
476 1409 571 1469 altius
588 1409 703 1468 voluit:
727 1409 868 1468 adlectus
889 1409 970 1469 enim
987 1411 1092 1469 adivo
1108 1411 1180 1469 Ves-
1201 1420 1229 1465 10

177 1517 308 1594 pasiano
322 1515 404 1573 inter
421 1515 592 1592 praetorios
615 1515 778 1574 honestam
801 1515 938 1592 quietem
961 1515 1034 1574 huic
1055 1522 1179 1575 nostrae

177 1621 341 1681 ambitioni
370 1621 470 1680 dicam
498 1639 538 1680 an
567 1620 714 1695 dignitati
742 1621 992 1680 constantissime
1021 1621 1178 1697 praetulit.

139 1741 155 1785 6
177 1727 285 1786 Habet
299 1726 403 1785 aviam
418 1732 590 1785 maternam
613 1725 777 1785 Serranam
798 1726 964 1785 Proculam
979 1744 995 1784 e
1009 1726 1180 1803 municipio

178 1831 341 1891 Patavino.
383 1831 477 1892 Nosti
500 1831 561 1891 loci
584 1849 703 1891 mores:
734 1831 867 1891 Serrana
888 1837 994 1890 tamen
1016 1831 1179 1891 Patavinis

178 1954 302 2013 quoque
317 1936 494 1996 severitatis
510 1936 688 2014 exemplum
703 1942 760 1996 est.
804 1936 944 2012 Contigit
959 1941 991 1995 et
1006 1935 1180 1995 avunculus
1201 1951 1229 1995 15

178 2041 208 2101 ei
229 2042 263 2101 P.
286 2041 418 2116 Acilius,
441 2042 595 2118 gravitate
624 2042 793 2119 prudentia
811 2041 873 2100 fide
898 2060 993 2119 prope
1019 2040 1177 2116 singulari.

178 2147 219 2205 In
234 2166 363 2223 summa,
374 2146 456 2206 nihil
471 2147 531 2206 erit
545 2147 578 2206 in
594 2148 685 2207 domo
698 2153 765 2206 tota
776 2148 859 2224 quod
873 2166 936 2205 uon
947 2146 1005 2205 tibi
1020 2153 1179 2223 tamquam

139 2270 154 2315 τ
177 2252 282 2312 intua
301 2252 431 2330 placeat.
475 2252 620 2312 Aciliano
640 2271 714 2312 vero
737 2253 799 2329 ipsi
821 2253 991 2330 plurimum
1007 2252 1123 2328 vigoris
1137 2253 1181 2311 in-

178 2357 327 2432 dustriae,
339 2376 527 2435 quamquam
544 2359 576 2417 in
591 2359 727 2418 maxima
738 2358 931 2417 verecundia.
975 2358 1181 2434 Quaesturam

177 2462 374 2522 tribunatum
397 2468 574 2540 praeturam
599 2464 818 2523 honestissime
844 2464 1037 2542 percucurrit
1059 2482 1094 2523 ac
1117 2464 1179 2522 iam
1200 2474 1229 2518 ao

138 2582 155 2627 8
176 2585 279 2645 prose
293 2567 352 2627 tibi
367 2569 585 2628 necessitatem
601 2569 759 2629 ambiendi
774 2569 903 2628 remisit.
946 2570 1005 2628 Est
1019 2568 1068 2627 illi
1083 2569 1179 2627 facies

176 2672 327 2747 liberalis,
351 2674 451 2732 multo
473 2675 633 2750 sanguine,
658 2675 757 2734 multo
780 2675 890 2734 rubore
916 2675 1043 2747 suffusa,
1067 2680 1115 2733 est
1137 2675 1181 2732 iu-

177 2796 281 2853 genua
301 2779 400 2838 totius
421 2781 558 2857 corporis
582 2781 783 2858 pulchritudo
805 2787 837 2839 et
859 2780 985 2857 quidam
1007 2779 1179 2839 senatorius

177 2884 278 2943 decor.
321 2884 406 2955 Quae
421 2903 478 2961 ego
492 2905 688 2963 nequaquam
711 2886 844 2945 arbitror
858 2885 1065 2959 neglegenda:
1089 2884 1180 2942 debet

137 3007 154 3052 9
177 2989 262 3048 enim
277 2990 336 3049 hoc
350 2989 489 3050 castitati
504 2991 679 3068 puellarum
697 2990 786 3068 qnasi
807 2990 980 3068 praemium
1002 2989 1078 3048 dari.
1120 2988 1181 3046 Ne·
1200 3003 1229 3048 25

177 3095 244 3154 scio
258 3113 298 3154 an
313 3095 446 3155 adiciam
461 3114 529 3156 esse
545 3097 629 3173 patri
648 3096 715 3155 eius
737 3096 857 3173 amplas
878 3095 1053 3155 facultates.
1097 3095 1179 3152 Nam

176 3218 250 3260 cum
268 3199 422 3275 imaginor
436 3219 491 3261 vos
513 3201 626 3278 quibus
649 3201 828 3278 quaerimus
852 3218 1008 3275 generum,
1024 3199 1179 3258 silendum

177 3305 217 3364 de
240 3304 445 3365 facultatibus
468 3313 559 3384 puto:
583 3325 653 3366 cum
681 3306 823 3384 publicos
844 3324 943 3365 mores
967 3311 1061 3381 atque
1084 3305 1179 3364 etiam

176 3410 263 3487 leges
286 3410 427 3471 civitatis
449 3411 581 3486 intucor,
597 3431 676 3489 quae
692 3412 742 3471 vel
765 3412 799 3470 in
820 3411 930 3488 primis
953 3429 1063 3470 census
1085 3410 1181 3468 horni-

176 3534 254 3574 num
268 3517 454 3594 spectandos
468 3517 669 3591 arbitrantur,
682 3536 720 3576 ne
736 3517 769 3575 id
784 3516 909 3594 quidem
921 3517 1180 3593 praetereundum
1201 3535 1230 3580 30

177 3621 312 3681 videtur.
355 3623 398 3682 Et
412 3640 485 3682 sane
500 3623 539 3681 de
554 3623 687 3700 posteris
699 3628 731 3681 et
744 3623 794 3682 his
809 3621 952 3699 pluribus
964 3620 1115 3696 cogitanti
1129 3620 1181 3679 hic

138 3726 143 3733 ’
177 3745 302 3805 quoque
317 3727 351 3786 in
361 3727 594 3788 condicionibus
611 3728 785 3803 deligendis
798 3728 959 3804 ponendus
971 3733 1019 3785 est
1033 3725 1179 3786 calculus.
