2664 4170
455 239 716 290 rrrsrurnaun
740 238 836 289 11.17.
1103 229 1143 289 31

142 411 197 488 qui
216 411 359 470 nubilum
380 411 533 471 inducunt
552 417 584 470 61
604 430 746 471 serenum
767 416 839 469 ante
859 428 952 486 quam
971 429 1062 470 usum
1083 409 1143 468 loci

104 532 120 577 8
142 517 289 593 eripiunt.
329 517 517 576 Adnectitur
539 516 652 591 angulo
673 515 851 575 cubiculum
873 515 906 572 in
926 514 1061 591 hapsida
1079 533 1144 573 cur-

141 630 259 697 vatum,
282 622 366 700 quod
387 621 537 681 ambitum
561 621 637 681 solis
658 621 806 680 fenestris
828 620 971 680 omnibus
992 619 1141 697 sequitur.

141 728 262 786 Parieti
281 727 348 786 eius
367 727 399 785 in
419 727 626 786 bibliothecae
648 727 781 804 speciem
802 726 969 786 armarium
990 725 1142 785 insertum

104 844 119 887 6
141 838 199 906 est,
215 833 298 909 qnod
314 851 377 890 non
394 831 541 906 legendos
561 832 658 892 libros
674 832 729 892 sed
743 831 930 891 lectitandos
945 831 1037 907 capit.
1083 830 1143 889 Ad·
1162 842 1178 887 5

140 938 250 996 haeret
271 937 488 996 dormitorium
510 938 683 996 membrum
704 937 841 997 transitu
859 936 1077 1010 interiacente,
1088 935 1142 1012 qui

140 1061 312 1119 suspensus
329 1047 361 1102 et
382 1043 545 1102 tubulatus
564 1050 747 1120 conceptum
767 1061 912 1120 vaporem
933 1041 1050 1101 salubri
1068 1046 1143 1100 tem-

139 1154 322 1225 peramento
342 1148 401 1206 huc
419 1147 495 1206 11116
517 1148 632 1223 digerit
652 1154 685 1207 et
706 1147 873 1207 ministrat.
916 1147 1053 1223 Reliqua
1070 1165 1142 1224 pars

139 1253 250 1312 lateris
270 1253 364 1313 huius
386 1271 543 1313 servorum
573 1253 816 1328 libertorumque
841 1253 949 1312 usibus
975 1252 1140 1327 detinetur,

90 1371 119 1416 10
139 1358 299 1435 plerisque
316 1358 529 1417 tammundis
546 1364 582 1417 ut
599 1358 738 1434 accipere
758 1357 898 1435 hospites
920 1357 1048 1434 possint.
1092 1358 1142 1415 Ex
1163 1370 1191 1415 16

139 1463 203 1523 1116
218 1463 315 1522 111616
329 1462 506 1522 cubiculum
518 1468 566 1522 est
575 1462 816 1539 politissimum,
834 1461 948 1521 deinde
959 1462 1009 1520 vel
1021 1463 1142 1521 cubicu-
1225 1502 1227 1506 =

139 1568 206 1626 lum
230 1569 346 1642 grande
364 1568 414 1626 vel
434 1568 557 1627 modica
578 1567 709 1642 cenatio,
728 1586 807 1645 quae
828 1567 964 1645 plurimo
986 1567 1058 1642 sole,
1077 1568 1141 1644 plu·

139 1674 219 1732 rimo
239 1675 317 1732 mari
339 1673 439 1749 lucet,
462 1673 634 1750 posthanc
656 1673 832 1732 cubiculum
854 1692 924 1732 cum
947 1679 1139 1751 procoetone,

138 1778 308 1838 altitudine
339 1779 502 1854 aestivum,
527 1779 730 1840 munimentis
761 1779 941 1838 hibernum:
978 1784 1026 1838 est
1056 1779 1139 1837 enim

139 1884 326 1943 subductum
342 1884 484 1944 omnibus
499 1885 611 1944 ventis.
655 1885 739 1943 Huic
754 1884 895 1943 cubiculo
914 1883 1001 1942 aliud
1022 1889 1054 1942 61
1074 1902 1141 1960 pro
1161 1899 1188 1944 15

88 2003 116 2047 11
138 1995 248 2048 coeton
269 1989 425 2048 communi
447 1989 565 2065 pariete
586 1989 765 2065 iunguntur.
824 1989 902 2047 Inde
923 1988 1039 2047 balinei
1061 1988 1140 2047 cella

137 2094 304 2170 frigidaria
325 2093 463 2170 spatiosa
483 2101 515 2153 et
536 2094 644 2168 effusa,
666 2096 754 2154 cuius
776 2095 809 2153 in
830 2094 994 2152 contrariis
1015 2095 1140 2171 parieti-

137 2201 196 2260 bus
214 2200 276 2259 duo
292 2199 478 2276 baptisteria
499 2199 584 2258 velut
606 2200 704 2259 eiecta
724 2201 898 2273 sinuantur,
914 2199 1036 2258 abunde
1052 2217 1139 2276 capa-

136 2305 195 2378 cia,
219 2305 245 2363 si
272 2323 357 2363 mare
385 2303 419 2362 in
440 2305 582 2381 proximo
610 2306 734 2382 cogites.
791 2305 924 2364 Adiacet
952 2304 1137 2379 unctorium,

137 2409 362 2487 hypocauston,
386 2410 507 2468 adiacet
527 2409 721 2486 propnigeon
742 2409 867 2484 balinei,
889 2428 962 2468 mox
983 2409 1062 2468 duae
1080 2410 1138 2468 cel·
1158 2427 1187 2471 20

136 2514 186 2573 lae
207 2514 307 2588 magis
328 2514 487 2588 elegantes
508 2533 600 2591 quam
623 2521 839 2592 sumptuosae:
871 2514 1016 2574 cohaeret
1036 2514 1138 2574 calida

88 2633 115 2678 12
136 2619 259 2697 piscina
279 2619 420 2694 mirifica,
449 2639 488 2678 ex
516 2639 578 2697 qua
604 2626 750 2680 natantes
777 2639 860 2680 mare
889 2621 1055 2698 aspiciunt,
1080 2640 1137 2680 166

136 2725 244 2803 procul
273 2724 539 2801 sphaeristerium,
568 2726 650 2802 quod
681 2725 871 2785 calidissimo
900 2726 958 2786 soli
987 2726 1137 2786 inclinato

136 2831 199 2889 iam
221 2829 272 2888 die
294 2829 435 2888 occurrit.
486 2830 549 2888 Hic
571 2831 667 2890 turris
689 2831 829 2906 erigitur,
852 2832 910 2891 sub
932 2850 994 2909 qua
1016 2832 1136 2891 diaetae

136 2937 225 3010 duae,
241 2935 372 2994 totidem
386 2934 421 2993 in
435 2935 512 3011 ipsa,
527 2941 688 3012 praeterea
703 2936 834 3011 cenati0,
850 2956 929 3014 quae
946 2936 1136 2996 latissimum
1156 2953 1185 2997 25

135 3059 230 3115 mare,
252 3040 469 3115 longissimum
490 3040 575 3114 litus,
596 3041 690 3101 villas
718 3042 954 3102 amoenissimas
974 3042 1134 3119 prospicit.

86 3145 1135 3225 mmmmmwmmmmfflmwfflmmr

133 3250 356 3327 conditurque:
392 3249 458 3309 lata
478 3256 550 3327 post
572 3251 723 3327 apotheca
743 3257 775 3310 et
795 3251 955 3311 horreum:
992 3253 1050 3311 sub
1077 3253 1135 3311 hoc

133 3355 316 3429 triclinium,
333 3356 416 3431 quod
436 3356 554 3415 turbati
576 3357 672 3416 maris
693 3376 755 3416 non
776 3358 838 3417 nisi
860 3358 1015 3434 fragorem
1038 3363 1070 3417 et
1091 3378 1135 3418 so

132 3480 208 3519 num
236 3460 365 3537 patitur,
393 3478 525 3538 6111616
554 3461 615 3520 iam
651 3461 835 3536 languidum
863 3469 895 3521 et
923 3463 1133 3539 desinentem3
1155 3482 1184 3526 30

132 3565 258 3625 hortum
294 3569 325 3624 61
360 3565 564 3639 gestationem
593 3567 690 3640 videt,
720 3586 782 3643 qua
816 3568 925 3628 hortus
953 3568 1132 3627 includitur.

80 3688 111 3736 14
133 3669 278 3733 Gestatio
293 3670 376 3731 buxo
398 3674 453 3732 aut
475 3688 542 3729 1616
563 3671 693 3749 marino,
710 3672 764 3732 ubi
784 3671 890 3731 deficit
907 3673 1017 3747 buxus,
1040 3673 1134 3733 ambi-
