2664 4170
484 246 744 296 nrrsrunmrum
767 248 816 296 111.
840 249 877 298 11.
1139 237 1182 301 45

177 425 256 478 tunc
278 419 325 477 illi
347 418 498 495 ampliore
519 438 597 495 opus
619 426 694 492 erat,
717 425 752 478 ut
775 439 827 479 aes
849 420 984 480 alienum
1007 421 1182 481 exsolveret

177 530 372 583 contractum
395 543 432 581 ex
453 522 673 600 pulcherrimis
695 526 806 598 causis,
825 526 1038 586 mussantibus
1059 527 1180 601 magnis

178 630 366 706 quibusdam
384 635 416 687 et
435 629 643 706 locupletibus
663 630 780 703 amicis,
796 637 956 691 mutuatus
978 632 1045 708 ipse
1067 633 1181 707 gratui-

138 750 154 793 3
177 742 244 793 tam
266 735 347 792 dedi.
391 735 496 811 Atque
510 733 586 793 haec
601 734 672 808 feci,
687 753 757 793 oum
777 743 895 812 septem
910 736 1019 796 amicis
1034 737 1112 795 meis
1127 743 1181 796 aut

177 839 289 898 occisis
304 845 359 898 aut
373 839 529 913 relegatis,
544 839 654 898 occisis
677 840 846 898 Senecione
868 841 999 900 Rustico
1021 842 1180 915 Helvidio,
1201 855 1216 898 t

178 944 325 1020 relegatis
349 944 489 1002 Maurico
514 944 650 1004 Gratilla
678 943 772 1003 Arria
800 945 927 1018 Fannia,
950 951 998 1005 tot
1025 947 1107 1005 circa
1131 966 1180 1006 rne

178 1050 270 1110 iactis
285 1049 471 1109 fulminibus
489 1050 578 1126 quasi
598 1050 760 1109 ambustus
780 1050 856 1108 mihi
873 1069 996 1127 quoque
1013 1051 1180 1128 inpendere

139 1175 155 1218 4
178 1155 262 1214 idern
273 1155 416 1214 “exitium
438 1154 532 1214 certis
557 1155 744 1232 quibusdam
770 1156 852 1215 notis
880 1175 1056 1231 augurarer.
1107 1159 1180 1216 Non

177 1261 248 1319 ideo
269 1267 373 1332 tamen
397 1260 544 1319 eximiam
566 1259 697 1334 gloriam
719 1261 870 1321 meruisse
891 1280 949 1335 me,
964 1268 999 1320 ut
1021 1261 1075 1320 ille
1096 1281 1182 1339 prac-

139 1365 271 1440 5dicat,
300 1366 390 1424 credo
419 1366 473 1425 sed
501 1371 625 1424 tanturn
654 1365 800 1441 effugisse
830 1365 990 1441 flagitium.
1037 1368 1121 1426 Nam
1149 1375 1181 1427 et
1202 1385 1230 1429 10

177 1472 210 1531 C.
222 1471 412 1545 Musonium,
425 1489 564 1530 socerum
578 1471 655 1544 eine,
668 1477 818 1548 quantum
834 1470 955 1530 licitum
969 1479 1017 1532 est
1032 1492 1086 1550 per
1101 1480 1181 1532 aeta

176 1582 335 1651 termnum
357 1576 563 1636 admiratione
582 1576 680 1635 dilexi
695 1583 728 1635 et
742 1577 974 1635 Artemidorum
994 1554 1096 1655 ipsum
1117 1579 1179 1638 iarn

175 1688 254 1756 turn,
270 1700 340 1740 cum
359 1681 390 1739 in
410 1681 502 1759 Syria
520 1681 664 1740 tribunus
684 1680 862 1755 militarem,
878 1688 947 1740 arta
962 1683 1180 1743 familiaritate

176 1786 358 1863 complexus
379 1806 456 1861 sum,
474 1787 569 1863 idque
590 1786 725 1862 primurn
746 1806 807 1845 non
829 1787 948 1846 nullius
970 1788 1085 1848 indolis
1107 1790 1179 1848 dedi

176 1891 343 1968 specimen,
355 1892 438 1968 quod
450 1891 551 1950 virum
567 1898 621 1951 ant
636 1892 808 1968 sapientem
823 1898 878 1951 aut
892 1893 1068 1969 proximum
1084 1894 1180 1953 simil·
1201 1914 1228 1957 15

139 2007 155 2052 6
175 1996 349 2074 limumque
364 1997 499 2074 sapienti
514 1996 695 2072 intellegere
711 2017 779 2057 snm
794 1997 888 2057 visus.
931 1999 1014 2057 Nam
1030 2018 1068 2057 ex
1084 1999 1179 2058 omni-

174 2102 233 2161 bus
248 2101 302 2178 qui
314 2120 396 2160 nunc
411 2119 443 2161 se
455 2101 658 2178 philosophos
671 2108 783 2162 vocant
795 2102 848 2160 vix
863 2122 960 2160 unum
976 2110 1030 2162 aut
1045 2103 1177 2163 alterum

175 2205 317 2266 invenies
333 2211 422 2264 tanta
436 2206 625 2280 sinceritate,
641 2212 730 2266 tanta
744 2207 884 2265 veritate.
928 2207 1023 2267 Mitto
1042 2228 1104 2286 qua
1125 2229 1178 2286 pa-

174 2311 289 2370 tientia
309 2311 446 2388 corporis
467 2310 586 2370 hiemes
608 2312 698 2369 iuxta
718 2318 749 2370 et
770 2318 904 2372 aestates
920 2313 1011 2386 ferat,
1027 2320 1062 2372 ut
1080 2313 1176 2375 nullis

174 2416 333 2476 laboribus
351 2417 450 2490 cedat,
464 2422 501 2474 ut
518 2416 600 2474 nihil
614 2416 647 2474 in
662 2417 739 2489 cibo,
754 2417 787 2475 iu
803 2423 878 2493 potu
892 2418 1107 2494 voluptatibus
1122 2421 1176 2479 tri·
1197 2433 1226 2476 ao

138 2535 152 2582 7
166 2521 259 2596 buat,
275 2528 310 2580 ut
324 2521 429 2581 oculos
443 2521 644 2598 animumque
658 2522 825 2580 contineat.
870 2523 949 2582 Sunt
963 2523 1039 2582 haec
1054 2544 1175 2600 magna,

174 2627 229 2686 sed
244 2627 278 2684 in
293 2626 371 2701 alio3
394 2626 427 2684 in
440 2626 498 2685 hoo
508 2644 583 2685 vero
597 2627 736 2699 minima,
749 2627 775 2686 si
791 2627 901 2687 ceteris
914 2628 1083 2689 virtutibus
1098 2649 1176 2688 corn·

173 2738 332 2809 parentur,
348 2731 460 2808 quibus
480 2731 594 2799 meruit
609 2738 644 2790 ut
658 2751 677 2790 a
692 2733 724 2792 C.
741 2733 886 2791 Musonio
901 2751 938 2791 ex
954 2734 1095 2793 omnibus
1115 2754 1176 2793 orn-

137 2851 152 2896 8
172 2837 260 2895 nium
283 2837 426 2895 ordinum
445 2837 691 2896 adsectatoribus
711 2855 805 2911 gener
824 2838 1046 2897 adsumeretur.
1089 2839 1175 2908 Quae

172 2941 252 3000 milri
267 2941 442 3000 recordanti
457 2947 505 3000 est
519 2942 645 3019 quidem
660 2942 828 3000 iucundum
845 2943 927 3019 quod
942 2961 991 3001 me
1006 2961 1075 3001 curn
1090 2945 1174 3020 apud
1194 2961 1223 3005 at

172 3045 251 3105 alios
273 3053 340 3104 tum
357 3046 441 3122 apud
460 3051 491 3104 te
511 3046 609 3105 tantis
624 3046 769 3106 laudibus
784 3047 931 3120 cumulat,
947 3065 1054 3106 vereor
1068 3053 1174 3108 tamen

171 3170 211 3209 ne
226 3152 353 3210 modum
368 3152 507 3224 excedat,
520 3170 611 3228 quem
623 3151 800 3225 benignitas
812 3151 878 3211 eius
891 3152 980 3230 (illuc
992 3153 1076 3210 enim
1090 3155 1173 3213 unde

136 3276 151 3320 9
171 3257 259 3333 coepi
275 3259 427 3336 revertor)
444 3276 506 3315 non
521 3256 600 3315 solet
615 3263 728 3315 tenere.
772 3257 853 3315 Nam
874 3257 907 3315 in
923 3257 984 3329 hoc
1001 3277 1064 3317 uno
1081 3260 1173 3318 inter-

171 3363 246 3420 dum
266 3360 315 3419 vir
336 3361 453 3438 alioqui
474 3361 736 3438 prudentissimus
761 3361 891 3421 honesto
911 3363 1037 3439 quidem
1057 3365 1112 3424 sed
1130 3370 1173 3423 ta-

170 3486 243 3526 men
258 3485 359 3525 errore
374 3472 525 3540 versatur,
541 3466 624 3543 quod
643 3466 742 3542 pluris
760 3467 875 3527 amicos
896 3487 966 3528 suos
986 3487 1079 3546 qnam
1099 3475 1173 3529 sunt
1192 3488 1221 3534 30

170 3572 349 3637 arbitratur.
392 3571 478 3636 Vale.
