2664 4170
477 267 739 320 nrrsrunsnou
763 267 840 317 vrn.
860 267 884 317 4.
1111 253 1174 317 103

170 459 371 518 nequaquam
391 459 500 498 verum
520 440 703 515 arbitrabar,
726 458 803 516 quos
826 458 888 498 non
911 443 1076 515 aequasset
1096 437 1174 496 fides

134 558 150 604 τ
172 547 349 621 solutionis,
365 546 423 604 hos
443 545 636 621 benignitate
656 545 849 604 remissionis
868 562 1009 620 aequare.
1053 544 1175 602 Rursus

172 671 246 727 ergo
267 651 312 710 eis
334 651 388 728 qui
410 650 567 710 solverant
588 650 655 710 eius
677 649 760 725 quod
780 649 937 708 solverant
960 648 1112 707 decimam
1133 665 1176 707 re

172 756 253 816 misi.
296 757 357 814 Per
376 755 434 814 hoo
454 755 537 814 enim
552 755 714 832 aptissime
729 760 761 813 et
775 755 809 812 in
823 754 1027 831 praeteritum
1042 752 1175 828 singulis

171 881 229 940 pro
250 861 400 937 cuiusque
421 861 533 919 merito
551 861 652 934 gratia
671 858 791 933 referri,
807 859 887 917 etin
905 859 1047 917 futurum
1069 876 1175 918 omncs
1195 871 1210 916 5

172 986 243 1026 cum
265 966 306 1026 ad
327 966 493 1024 emendum
514 971 582 1024 tum
603 965 698 1025 etiam
720 964 761 1023 ad
782 963 965 1024 solvendum
987 963 1072 1022 allici
1093 962 1177 1022 vide-

137 1088 153 1134 8
172 1073 295 1132 bantur.
339 1073 454 1146 Magno
475 1069 553 1128 mihi
575 1055 630 1130 seu
650 1069 731 1128 ratio
748 1068 824 1128 haec
842 1087 897 1128 scu
915 1068 1055 1128 facilitas
1077 1068 1175 1143 stetit,

173 1177 229 1238 sed
249 1177 313 1236 fuit
331 1175 423 1236 tanti.
466 1176 549 1234 Nam
569 1174 693 1249 regione
712 1179 780 1233 tota
799 1179 830 1232 et
843 1173 967 1233 novitas
984 1172 1176 1232 remissionis

172 1289 205 1342 et
228 1283 331 1341 forma
354 1281 509 1340 laudatur.
560 1281 610 1338 Ex
630 1279 709 1356 ipsis
730 1278 833 1354 etiam,
858 1297 935 1354 quos
959 1296 1022 1337 non
1046 1297 1116 1353 una,
1141 1284 1177 1337 ut

173 1387 299 1462 dicitur,
312 1387 432 1464 pertica
443 1386 498 1446 sed
510 1385 658 1445 distincte
674 1384 890 1461 gradatimque
905 1383 1047 1457 tractavi,
1060 1388 1177 1461 quanto
1198 1400 1226 1445 10

174 1493 246 1571 quis
263 1492 373 1552 melior
393 1497 425 1551 et
444 1492 568 1569 probior
586 1495 676 1551 tanto
695 1489 774 1548 mihi
787 1488 956 1563 obligatior
969 1488 1057 1563 abiit,
1072 1506 1178 1566 exper-

173 1604 226 1658 tus
240 1616 304 1657 non
318 1616 386 1657 esse
401 1596 486 1674 apud
499 1615 549 1656 me
564 1601 593 1658 ἐν
607 1596 635 1656 δὲ
650 1599 680 1676 ἰῇ
690 1598 759 1676 τιμῇ
772 1597 843 1672 ἠμὲν
854 1597 936 1658 κακὸς
947 1594 996 1671 ἠδὲ
1007 1595 1052 1654 καὶ
1063 1594 1175 1658 ἐσθλός.

173 1702 261 1764 Vale.

594 1871 647 1932 ss.
676 1869 760 1951 (iv.)

418 2039 447 2091 C.
473 2039 617 2091 PLINIUS
641 2039 792 2090 CANINIO
816 2038 884 2090 SUO
908 2039 933 2090 S.

317 2186 486 2238 (laciniosis
499 2193 524 2237 to
537 2188 610 2237 write
623 2200 726 2248 opoem
739 2201 774 2236 oc
787 2187 829 2236 tte
841 2187 949 2236 Dorion
961 2199 1038 2236 uara.

141 2343 155 2388 1
218 2331 343 2409 Optime
371 2331 451 2392 facis
479 2332 563 2409 quod
589 2331 706 2391 bellum
734 2331 884 2391 Dacicum
916 2331 1049 2392 scribere
1076 2349 1176 2408 paras.

177 2438 259 2496 Nam
284 2455 363 2514 quae
387 2442 452 2497 tam
478 2455 594 2510 recens,
619 2442 685 2495 tam
706 2436 840 2514 copiosa,
861 2442 927 2496 tam
948 2436 1022 2512 lata,
1044 2436 1179 2512 denique
1200 2449 1227 2493 15

177 2547 243 2601 tam
257 2541 388 2619 poetica,
403 2547 435 2602 et
454 2560 642 2619 quamquam
657 2542 690 2600 in
706 2541 877 2602 verissimis
896 2542 997 2616 rebus,
1012 2548 1077 2601 tam
1091 2541 1179 2600 fabu-

141 2659 157 2703 2
177 2647 245 2707 losa
263 2647 419 2707 materia?
461 2646 554 2707 Dices
572 2646 703 2707 inmissa
720 2647 812 2706 terris
833 2666 913 2706 nova
928 2646 1067 2721 flumina,
1082 2665 1179 2705 novos

178 2758 289 2829 pontes
330 2751 512 2811 fluminibus
547 2751 687 2826 iniectos,
723 2751 843 2812 insessa
880 2752 991 2812 castris
1025 2751 1179 2810 montium

179 2857 320 2934 abrupta,
346 2857 472 2934 pulsum
494 2857 588 2932 regia,
613 2857 738 2934 pulsum
763 2858 861 2916 etiam
885 2857 952 2916 vita
972 2876 1076 2932 regem
1097 2856 1179 2915 nihil

178 2963 411 3040 desperantcm3
433 2981 527 3040 super
550 2963 636 3037 hacc,
658 2967 743 3021 actos
767 2963 815 3022 bis
840 2962 1025 3039 triumphos,
1048 2980 1180 3037 quorum
1200 2977 1229 3022 ac

178 3067 259 3128 alter
286 3086 324 3127 ex
352 3067 471 3127 invicta
498 3073 589 3142 gente
617 3067 747 3145 primus,
776 3067 856 3126 alter
890 3067 1079 3126 novissimus
1107 3065 1178 3124 fuit.

142 3186 158 3231 3
179 3175 254 3234 Una
270 3174 324 3234 sed
344 3173 481 3232 maxima
498 3172 675 3247 difficultas,
694 3173 777 3249 quod
797 3173 873 3232 hacc
894 3190 1027 3248 aequare
1049 3171 1180 3231 dicendo

178 3279 311 3338 arduum
332 3278 517 3353 inmensum,
538 3278 631 3337 etiam
653 3284 708 3337 tuo
730 3278 865 3352 ingenia
887 3295 1076 3354 quamquam
1096 3276 1181 3336 altis-

180 3385 257 3445 sime
279 3384 427 3460 adsurgat
449 3389 480 3443 et
501 3383 705 3461 amplissimis
727 3383 871 3461 operibus
894 3383 1054 3441 increscat.
1107 3383 1181 3441 Non

178 3490 286 3550 nullus
314 3495 347 3549 ct
375 3490 409 3548 in
433 3489 488 3548 illo
512 3490 600 3549 labor
624 3495 660 3548 ut
683 3490 815 3549 barbara
839 3494 871 3548 et
895 3490 963 3548 fera
987 3488 1121 3562 nomina,
1147 3487 1181 3546 in
1200 3506 1229 3552 25

142 3612 159 3658 4
178 3594 289 3674 primis
304 3594 386 3671 regis
401 3595 510 3672 ipsine,
526 3595 654 3656 Graecis
672 3594 813 3654 versibus
834 3614 896 3654 non
913 3593 1075 3653 resultent.
1120 3593 1181 3652 Sed

178 3701 261 3762 nihil
285 3707 334 3762 est
358 3700 443 3777 quod
465 3719 528 3759 non
552 3706 619 3760 arte
647 3719 791 3777 curaque,
817 3699 844 3761 si
868 3719 931 3759 non
958 3704 1062 3777 potest
1086 3698 1180 3775 vinci,

1195 2628 1198 2677 l
