2664 4170
192 251 233 312 34
617 263 646 313 c.
666 263 767 312 emur

190 453 274 493 nunc
288 434 436 494 continua
453 454 535 494 nunc
552 435 732 494 intermissa
744 440 828 494 tecta
841 434 1001 511 villarum,
1018 455 1102 514 quae
1117 456 1200 514 prae-

191 544 277 598 stant
292 539 460 598 multarum
475 540 600 599 urbium
615 540 738 614 faciem,
754 539 820 599 sive
834 540 913 598 mari
929 540 997 600 sive
1020 541 1092 618 ipso
1107 541 1198 600 litore

190 650 295 720 utare,
328 646 410 722 quod
433 664 495 703 non
520 664 690 722 numquam
719 645 813 721 longa
839 644 1059 721 tranquillitas
1084 646 1195 721 mollit,

191 750 315 827 saepius
342 751 491 826 frequens
519 756 551 809 et
579 750 753 809 contrarius
776 749 889 809 fluctus
914 749 1054 810 indurat.
1110 753 1195 811 Mare
1212 764 1235 808 aa

154 864 252 913 onon
280 874 353 914 sane
381 855 528 931 pretiosis
556 855 695 933 piscibus
724 854 870 929 abundat,
900 855 1000 914 soleas
1030 862 1139 915 tamen
1166 864 1195 916 et

190 960 322 1037 squillas
344 961 478 1037 optimas
501 961 606 1035 egerit.
650 960 737 1020 Villa
757 979 830 1019 vero
850 965 959 1019 nostra
979 948 1077 1020 etiam
1102 962 1194 1021 medi-

189 1070 348 1124 terraneas
376 1066 481 1142 copias
508 1072 658 1142 praestat,
681 1065 728 1124 lac
756 1066 791 1123 in
818 1065 946 1142 primis:
983 1084 1059 1124 nam
1080 1066 1193 1126 illuce

188 1170 312 1246 pascuis
335 1189 445 1247 pecora
465 1171 664 1244 conveniunt,
680 1171 707 1230 si
729 1170 854 1248 quando
874 1189 987 1246 aquam
1009 1172 1193 1231 umbramve

189 1280 355 1334 sectantur.
399 1276 537 1335 Iustisne
558 1276 596 1334 de
618 1276 720 1335 causis
744 1275 808 1334 iam
833 1275 892 1335 tibi
916 1275 1025 1334 videor
1048 1276 1191 1352 incolere,
1209 1292 1233 1337 aa

140 1391 168 1435 10
188 1379 373 1454 inhabitare,
390 1381 519 1455 diligere
542 1400 705 1455 secessum,
721 1399 813 1457 quem
834 1385 870 1439 tu
888 1379 983 1440 nimis
1003 1382 1144 1442 urbanus
1161 1401 1191 1442 es

187 1485 249 1544 nisi
277 1485 522 1562 concupiscis?
551 1486 657 1565 Atque
683 1485 804 1544 utinam
833 1485 1054 1562 concupiscas!
1090 1493 1127 1546 ut
1147 1493 1192 1547 tot

187 1591 346 1668 tantisque
367 1592 492 1650 dotibus
515 1591 644 1651 villulae
656 1597 780 1650 nostrae
797 1591 940 1674 maxima
961 1593 1192 1652 commendatio

187 1715 226 1753 ex
246 1701 300 1754 tuo
321 1696 522 1755 contubernio
543 1697 678 1756 accedat.
721 1697 807 1756 Vale.

569 1915 621 1976 aa
650 1912 803 1993 osvin.)

423 2062 452 2112 C.
479 2061 622 2110 PLINIUS
646 2059 814 2110 MAURICO
838 2061 906 2112 SUO
929 2061 955 2113 S.

271 2194 402 2245 Seleetlon
415 2196 446 2257 os
453 2209 470 2244 e
482 2195 587 2244 teecter
593 2195 641 2256 sor
653 2195 695 2244 the
707 2208 771 2244 sons
782 2195 815 2256 os
822 2194 961 2245 Arulenus
972 2196 1114 2250 Rusticus.

225 2327 308 2396 Quid
323 2345 342 2385 a
355 2332 386 2384 te
400 2326 479 2384 mihi
496 2325 662 2384 iucundius
679 2326 783 2403 potuit
799 2325 937 2402 iniungi,·
946 2347 1041 2405 quam
1055 2335 1094 2390 ut
1108 2349 1190 2408 prae-
1207 2338 1218 2383 1

138 2438 165 2482 15
186 2438 342 2508 ceptorem
361 2431 470 2490 fratris
490 2431 537 2489 tui
559 2431 667 2489 liberis
686 2434 892 2507 quaererem?
935 2433 1019 2492 Nam
1039 2434 1189 2495 beneficio

186 2543 240 2595 tuo
254 2537 287 2595 in
303 2536 441 2596 scholam
456 2535 548 2594 redeo
563 2541 594 2594 et
609 2535 697 2594 illam
713 2535 926 2596 dulcissimam
943 2543 1082 2599 aetatem
1101 2540 1189 2619 quasi

186 2661 325 2700 resumo:
356 2641 447 2700 sedeo
470 2641 553 2699 inter
578 2640 715 2715 iuvenes,
741 2646 777 2699 ut
801 2642 947 2717 solebam,
972 2648 1069 2721 atque
1094 2646 1187 2706 etiam

186 2747 328 2823 experior
349 2751 500 2823 quantum
523 2745 607 2822 apud
628 2745 699 2805 illos
722 2746 917 2807 auctoritatis
938 2766 978 2806 ex
999 2749 1117 2811 studiis
1139 2752 1190 2812 ha·

185 2852 283 2910 beam.
326 2852 409 2909 Nam
428 2850 569 2927 proxime
589 2851 748 2928 frequenti
764 2851 918 2911 auditorio
932 2852 1016 2912 inter
1033 2873 1067 2914 se
1086 2865 1219 2917 corama

136 2961 166 3005 20
186 2956 294 3016 multis
309 2956 428 3015 ordinis
443 2955 542 3015 nostri
556 2954 638 3014 clare
653 2956 873 3033 loquebantur:
896 2957 1023 3034 intravi,
1036 2960 1190 3022 conticue

186 3069 276 3137 runt;
299 3062 382 3139 quod
400 3081 462 3119 non
481 3062 639 3136 referrem,
657 3061 719 3121 nisi
739 3063 779 3120 ad
798 3061 920 3121 illorum
942 3064 1043 3140 magis
1063 3065 1189 3126 laudem

186 3187 278 3245 quam
294 3167 333 3226 ad
348 3185 449 3225 meam
464 3166 643 3243 pertineret,
660 3185 695 3225 ac
709 3167 770 3226 nisi
787 3187 910 3244 sperare
925 3174 957 3228 te
967 3169 1082 3229 vellem
1098 3190 1189 3248 posse

186 3274 294 3332 fratris
322 3272 371 3331 tui
398 3271 480 3330 filios
508 3272 603 3348 probe
632 3272 759 3331 discere.
815 3274 904 3343 Quod
937 3281 1089 3351 superest,
1119 3288 1220 3337 cums

185 3397 291 3438 omnes
314 3377 368 3455 qui
389 3376 576 3454 profitentur
598 3377 733 3451 audiere,
751 3377 827 3453 quid
848 3378 886 3436 de
909 3398 1031 3456 quoque
1053 3383 1189 3443 sentiam

135 3490 164 3535 25
185 3483 318 3543 scribam
343 3481 544 3559 efficiamque,
571 3489 722 3558 quantum
747 3488 851 3541 tamen
880 3484 1016 3560 epistula
1039 3487 1189 3566 consequi

185 3596 301 3666 potero,
317 3593 352 3646 ut
366 3588 433 3664 ipse
449 3606 555 3646 omnes
570 3588 695 3647 audisse
710 3588 853 3647 videaris.
898 3590 1004 3648 Debeo
1019 3591 1102 3649 enirn
1120 3593 1189 3668 tibi,
1207 3601 1221 3645 4

185 3694 282 3754 debeo
310 3693 476 3759 memoriae
504 3692 613 3751 fratris
642 3693 689 3751 tui
716 3693 795 3751 hanc
824 3693 926 3767 fidem,
952 3694 1010 3753 hoc
1038 3696 1189 3769 studium,
