2664 4170
182 269 305 355 106Ι
435 312 438 315 -
608 280 759 331 crunu

182 460 354 513 ceterorum
372 458 445 513 sunt
466 452 602 511 minores
619 451 723 529 capite
740 451 884 527 discreti3
909 452 966 512 scd
980 451 1107 512 flumini
1120 453 1184 512 mis

182 564 299 632 centur,
315 559 397 636 quod
413 563 508 635 ponte
527 556 764 617 transmittitur.
807 558 841 616 Is
855 557 1013 618 terminus
1028 559 1111 619 sacri
1124 577 1183 636 pro

182 665 320 741 fanique.
377 664 416 722 In
449 663 606 740 superiore
637 668 727 740 parte
759 662 913 738 navigare
939 668 1078 738 tantum,
1106 663 1210 722 intrat

182 770 277 829 etiam
299 775 407 828 natare
428 786 615 827 concessum.
659 767 824 827 Balineum
846 767 1056 844 Hispellates
1077 768 1182 846 quibus

147 875 271 933 sillum
301 874 403 933 locum
428 874 519 932 divus
544 873 707 948 Augustus
731 874 813 933 dono
834 872 932 947 dedit,
955 873 1084 950 publice
1107 892 1183 951 prae-

182 981 266 1054 bent,
279 979 428 1057 praebent
439 978 620 1055 hospitium.
649 978 717 1038 Nec
729 979 843 1038 desunt
853 977 958 1052 villae,
972 997 1055 1055 quae
1068 983 1183 1038 secutae

183 1084 321 1144 fluminis
343 1083 564 1143 amoenitatem
584 1082 718 1158 margini
740 1082 899 1142 insistunt.
944 1083 984 1141 In
1000 1102 1133 1159 summa,
1147 1083 1209 1148 nir

183 1189 229 1248 hil
250 1189 311 1270 erit
336 1208 374 1247 ex
396 1207 457 1265 quo
484 1208 547 1247 non
568 1187 674 1265 capias
695 1187 898 1265 voluptatem.
941 1188 1028 1246 Nam
1049 1189 1183 1249 studebis

184 1313 322 1373 quoque;
345 1295 429 1369 leges
451 1293 552 1352 multa
573 1293 743 1352 multorum
768 1293 911 1353 omnibus
940 1292 1108 1369 columnis,
1131 1314 1184 1353 om-

135 1412 164 1457 10
184 1401 276 1461 nibus
294 1399 465 1477 parietibus
481 1398 642 1476 inscripta,
661 1399 774 1475 quibus
790 1398 863 1457 fons
880 1398 935 1458 ille
956 1399 1099 1477 deusque
1117 1401 1186 1460 cele·

184 1507 300 1566 bratur.
349 1505 447 1563 Plura
473 1504 626 1578 laudabis,
655 1503 806 1563 nonnulla
833 1502 968 1579 ridebis3
998 1523 1185 1583 quamquam

184 1617 220 1670 tu
234 1630 316 1685 vero,
332 1628 411 1688 quae
426 1615 480 1669 tua
494 1609 682 1684 humanitas,
698 1609 787 1669 nulla
800 1607 926 1668 ridebis.
970 1609 1060 1669 Vale.

584 1880 636 1941 ar.
666 1876 782 1960 (xvi.)

420 2048 450 2099 C.
474 2047 619 2098 PLINIUS
642 2048 813 2098 PATERNO
837 2047 904 2099 SUO
928 2048 954 2099 S.

464 2207 569 2268 Pliuy’a
581 2207 707 2255 leindness
720 2212 746 2255 to
758 2206 800 2255 hic
812 2207 904 2255 slaves.

226 2354 435 2414 Confecerunt
454 2371 503 2410 me
520 2350 720 2410 infirmitates
741 2368 889 2424 meorum,
904 2357 1022 2411 mortes
1037 2351 1147 2429 etiam,
1163 2360 1197 2414 et
1217 2370 1230 2414 1

187 2459 313 2535 quidem
337 2458 492 2516 iuvenum.
536 2456 659 2515 Solacia
683 2455 744 2515 duo
768 2473 965 2532 nequaquam
990 2457 1081 2533 paria
1103 2464 1197 2520 tanto

139 2574 166 2618 15
188 2565 296 2639 dolori,
326 2564 441 2624 solacia
475 2569 595 2622 tamen:
631 2582 729 2620 unum
756 2562 895 2622 facilitas
929 2563 1196 2643 manumittendi;

188 2671 295 2729 videor
317 2670 400 2729 enirn
421 2688 483 2727 non
503 2668 628 2727 omniuo
648 2668 821 2727 inmaturos
837 2667 1011 2745 perdidisse
1030 2688 1110 2746 quos
1131 2671 1198 2731 iarn

188 2777 301 2835 liberos
331 2775 470 2852 perdidi,
507 2773 649 2847 alterum,
671 2773 754 2849 quod
775 2773 924 2850 permitto
945 2773 1044 2834 servis
1067 2793 1199 2854 quoque

189 2880 277 2958 quasi
308 2884 495 2940 testamenta
529 2880 632 2938 facere
667 2896 764 2954 eaque
798 2884 834 2937 ut
868 2877 1010 2954 legitima
1037 2881 1197 2942 custodio.

189 2985 343 3044 Mandant
377 2990 549 3061 rogantque
585 2983 668 3060 quod
701 2983 821 3056 risum3
878 3001 971 3060 pareo
1006 2987 1042 3041 ut
1077 2983 1197 3048 iussus.
1222 3008 1237 3052 2

140 3099 169 3144 20
189 3091 354 3164 Dividunt,
386 3087 511 3163 donant,
545 3089 708 3163 relincunt,
741 3088 907 3146 dumtaxat
942 3087 1026 3146 intra
1056 3087 1200 3151 domum.

189 3199 272 3256 Nam
291 3195 389 3255 servis
411 3212 459 3252 res
477 3191 603 3270 publica
620 3190 769 3266 quaedam
791 3194 823 3248 et
839 3189 929 3266 quasi
949 3188 1062 3250 civitas
1082 3191 1200 3255 domus

191 3309 246 3362 est.
291 3300 351 3360 Sed
374 3317 563 3375 quamquam
588 3296 638 3355 his
664 3294 787 3354 solaciis
809 3294 1018 3371 adquiescam‚
1043 3295 1239 3364 debilitora

192 3413 223 3467 et
237 3408 365 3481 frangor
380 3405 488 3464 eadem
502 3403 559 3461 illa
577 3401 773 3460 humanitate
788 3417 867 3476 quae
889 3418 937 3458 me
958 3405 994 3458 ut
1014 3399 1074 3459 hoc
1088 3401 1200 3479 ipsum

192 3512 404 3590 permitterem
417 3508 551 3568 induxit.
593 3509 667 3566 Nou
681 3506 752 3564 ideo
763 3510 868 3564 tamen
883 3504 978 3563 velim
993 3505 1100 3565 durior
1114 3507 1198 3570 fieri.

143 3628 172 3674 25
192 3620 259 3677 Nec
287 3617 396 3691 ignoro
420 3614 498 3673 alios
522 3612 674 3673 eiusmodi
700 3630 789 3671 casus
814 3610 901 3669 nihil
921 3609 1057 3687 amplius
1082 3631 1200 3675 vocare

193 3741 287 3800 quam
307 3722 456 3780 damnum
474 3737 570 3795 eoque
592 3717 653 3778 sibi
674 3735 801 3793 magnos
822 3715 963 3777 homines
983 3721 1015 3776 et
1034 3717 1200 3795 sapientes
