2664 4170
292 465 331 539 O.
372 464 510 538 PLINI
553 463 752 538 CAECILI
796 462 1012 536 SECUNDI

319 644 380 703 AD
404 643 645 705 rauranum
668 641 990 703 ruranurcaau

354 805 569 879 TRAIANI
610 802 952 878 IMPERATORIS

533 984 595 1043 An
621 984 817 1045 PLINIUM

320 1282 321 1286 Ν
431 1193 876 1278 EPISTULARUM

578 1417 729 1480 LIBER.

574 1628 649 1690 101„
679 1625 733 1706 (Ι.)

324 1787 354 1837 c.
381 1750 527 1857 ruimus
551 1786 716 1836 suemus
740 1786 979 1837 manassem.

255 1935 494 1998 Oonqratulucioas
512 1940 537 1984 to
556 1935 598 1984 tire
616 1934 748 1996 Emperor
765 1947 836 1996 apen
854 1935 896 1983 tis
913 1936 1055 1984 accession.

119 2096 132 2140 1
193 2083 262 2141 Tua
285 2080 412 2158 quidem
437 2079 548 2157 pietas,
571 2079 739 2156 imperator
765 2079 968 2155 sanctissime,
991 2084 1155 2157 optaverat

153 2193 189 2246 ut
203 2205 297 2263 quam
311 2185 491 2245 tardissime
506 2185 685 2244 succederes
700 2185 800 2262 patri3
825 2186 879 2245 sed
899 2186 950 2245 dei
971 2185 1155 2245 inmortales

153 2292 385 2352 festinaverunt
406 2290 540 2350 virtutes
562 2295 633 2349 tuas
655 2291 695 2349 ad
716 2290 925 2365 gubernacula
944 2291 990 2349 rei
1012 2290 1155 2368 publicae

119 2410 246 2475 aquam
263 2415 442 2473 susceperas
464 2396 636 2455 admovere.
681 2397 795 2455 Precor
816 2414 888 2473 ergo
909 2402 946 2456 ut
966 2397 1025 2456 tibi
1047 2402 1079 2456 et
1099 2415 1155 2474 per

154 2510 185 2564 te
207 2503 312 2579 generi
333 2502 469 2561 humano
490 2520 639 2579 prospera
660 2502 772 2575 omnia,
792 2501 826 2561 id
847 2508 895 2562 est
915 2502 1010 2580 digna
1031 2503 1189 2567 saeculoc

153 2616 209 2669 tuo
223 2608 413 2683 contingant.
457 2609 583 2666 Fortem
598 2612 629 2667 te
644 2613 676 2666 et
690 2608 832 2683 hilarem,
843 2608 1012 2686 imperator
1027 2608 1154 2687 optime,

154 2720 186 2774 et
200 2714 348 2792 privatim
363 2720 394 2773 et
409 2713 532 2791 publice
551 2718 633 2790 opto.

567 2922 641 2984 102.
667 2919 741 3002 (Π.)

269 3060 272 3065 ’
329 3081 358 3131 e.
384 3080 529 3131 annuus
552 3080 718 3130 summm
742 3081 980 3133 ramessem.

274 3222 384 3274 Therme
395 3223 445 3285 sor
461 3223 503 3273 the
520 3229 600 3285 cruat
618 3224 650 3286 os
663 3224 705 3273 cte
722 3222 764 3271 ius
781 3223 863 3273 trium
880 3224 1035 3276 liberorum.

120 3369 133 3414 1
193 3355 387 3433 Exprimere,
403 3354 537 3429 domine,
552 3354 655 3414 verbis
676 3374 739 3414 non
760 3375 886 3433 possum
902 3365 1056 3435 quantum
1077 3358 1156 3419 mihi

154 3461 303 3539 gaudium
325 3459 479 3533 attuleris,
501 3460 585 3537 quod
609 3479 658 3518 me
680 3460 809 3537 dignum
831 3465 951 3539 putasti
972 3465 1039 3524 iure
1060 3465 1157 3525 trium

155 3567 332 3627 liberorum.
388 3565 538 3636 Quamvis
570 3565 653 3623 enim
682 3566 746 3625 Iuli
775 3567 926 3644 Serviani,
956 3570 1068 3648 optimi
1096 3570 1156 3629 viri
1177 3585 1206 3630 10

154 3673 264 3751 tuique
285 3670 501 3746 amantissimi,
517 3671 660 3748 precibus
682 3671 861 3750 indulseris,
876 3680 982 3736 tamen
1003 3676 1097 3737 etiam
1119 3696 1158 3737 ex

635 3771 681 3820 121
