2664 4170
468 255 730 306 nrrsrunsuun
753 256 831 306 vm.
854 258 892 308 rr.
1115 246 1178 312 lor

175 428 285 488 videri.
327 428 443 498 Quian
457 429 562 504 magni
582 428 801 506 sapientesque
823 429 887 489 sint
908 430 1021 506 neseio,
1037 431 1178 492 homines

138 551 154 594 4
175 553 238 593 non
253 538 335 594 sunt.
377 533 525 594 Hominis
545 540 593 594 est
607 534 690 592 euim
706 534 798 593 adfini
818 535 932 611 dolore,
948 536 1073 611 sentire,
1089 537 1179 597 resis-

174 646 242 699 tere
263 644 368 699 tamen
389 646 421 698 et
443 639 559 698 soiaoia
579 639 753 714 admittere,
771 658 834 698 nou
856 641 979 700 solaciis
1001 661 1063 700 non
1078 661 1175 717 egere.

138 754 154 798 o
174 746 292 804 Verum
316 745 355 803 de
379 743 430 803 his
454 744 545 821 plura
567 745 701 804 fortasse
723 763 816 821 quam
837 745 939 819 debui,
955 746 1010 805 sed
1031 747 1178 823 pauciora

175 868 268 926 quam
283 849 377 908 volui.
420 850 480 909 Est
501 849 584 907 enim
599 851 753 925 quaedam
768 850 862 909 etiam
879 850 1005 910 dolendi
1021 851 1175 929 voluptas,
1197 867 1211 911 5

174 955 359 1031 praesertim
381 955 408 1014 si
429 955 463 1012 in
485 954 576 1014 amici
599 955 670 1014 sinu
691 954 816 1051 defleas,
832 955 916 1032 apud
930 974 1023 1032 quern
1038 956 1176 1018 laerimis

173 1059 239 1119 tuis
254 1060 304 1120 vel
319 1060 388 1120 laus
404 1060 446 1120 sit
460 1066 571 1137 parata
584 1060 636 1120 vel
650 1060 750 1120 venia.
793 1060 881 1121 Vale.

565 1327 617 1388 aa
647 1325 782 1405 (xvir.)

411 1495 440 1546 C.
461 1494 605 1545 PLINIUS
628 1495 797 1545 MACRINO
820 1495 889 1547 SUO
912 1496 938 1547 S.

519 1653 626 1715 Aflood
638 1668 673 1703 on
685 1654 727 1703 tte
744 1654 830 1704 Tiber.

138 1811 153 1856 1
213 1801 299 1860 Num
320 1800 392 1860 istie
414 1817 537 1877 quoque
558 1799 669 1858 inmite
691 1805 722 1858 et
743 1799 903 1859 turbidum
924 1800 1072 1860 eaelum?
1113 1800 1177 1860 Hie

174 1906 323 1965 adsiduae
338 1910 540 1981 tempestates
560 1910 591 1963 et
611 1905 718 1964 erebra
737 1904 864 1964 diluvia.
908 1905 1030 1965 Tiberis
1052 1906 1176 1965 alveum

138 2023 154 2067 a
174 2010 309 2071 excessit
320 2016 352 2069 et
363 2009 598 2069 demissioribus
613 2010 690 2086 ripis
702 2010 764 2068 alte
777 2010 1024 2086 superfunditur.
1068 2011 1178 2081 Quam-
1197 2021 1226 2066 10

174 2134 268 2194 quam
288 2116 376 2175 fossa
396 2135 487 2193 quarn
510 2115 805 2193 providentissimus
834 2115 1004 2192 imperator
1026 2115 1104 2175 feeit
1128 2134 1177 2175 ex-

174 2221 315 2297 haustus,
337 2221 451 2298 premit
471 2220 579 2294 valles,
602 2220 725 2279 innatat
745 2219 872 2297 eampis,
898 2238 1021 2297 quaque
1048 2220 1174 2297 planum

175 2327 284 2401 solum,
299 2345 356 2404 pro
378 2326 443 2386 solo
464 2326 609 2384 cernitur.
652 2325 731 2384 Inde
753 2344 831 2402 quae
854 2325 933 2385 solet
951 2325 1082 2385 fiumina
1102 2326 1177 2386 aoei-

174 2452 248 2510 pere
276 2439 308 2492 et
335 2433 491 2510 permixta
518 2431 671 2490 devehere
694 2431 782 2489 velut
810 2431 920 2491 obvius
946 2431 1055 2491 sistere
1084 2432 1176 2508 cogit,

174 2544 268 2616 atque
282 2538 328 2598 ita
342 2538 453 2597 alienis
468 2537 558 2615 aquis
573 2537 674 2614 operit
689 2555 779 2611 agros
797 2555 873 2613 quos
893 2537 960 2613 ipse
980 2556 1042 2596 non
1064 2537 1175 2614 tangit.
1198 2550 1226 2593 15

138 2661 154 2706 3
174 2643 266 2719 Anio,
282 2643 524 2703 delicatissimus
542 2642 681 2702 amnium
701 2641 833 2719 ideoque
855 2641 1069 2702 adiacentibus
1090 2643 1177 2702 villis

174 2749 262 2808 velut
283 2748 435 2809 invitatus
457 2754 668 2825 retentusque,
684 2765 798 2821 magna
817 2766 855 2805 ex
869 2753 957 2823 parte
972 2767 1099 2808 nemora
1113 2748 1178 2826 qui-

174 2855 232 2916 bus
254 2854 449 2914 inumbratur
463 2854 560 2930 fregit
577 2859 609 2912 et
629 2852 751 2929 rapuit:
775 2852 897 2912 subruit
916 2859 1036 2913 montes
1052 2860 1083 2913 et
1098 2855 1178 2913 deei-

174 2960 317 3020 dentium
339 2960 419 3019 mole
441 2960 583 3037 pluribus
605 2958 681 3018 loeis
703 2957 835 3032 clausus,
852 2958 926 3015 dum
947 2958 1095 3018 amissum
1117 2959 1177 3019 iter

175 3065 306 3143 quaerit,
332 3064 459 3142 impulit
484 3069 567 3123 teota
592 3082 627 3122 ao
652 3081 685 3122 se
710 3081 803 3140 super
831 3063 935 3122 ruinas
964 3063 1056 3122 eiecit
1083 3069 1177 3141 atque
1197 3073 1226 3117 20

95 3190 102 3199 ⁴
139 3193 155 3236 4
175 3170 298 3230 extulit.
340 3170 497 3231 Viderunt
507 3189 584 3246 quos
597 3168 817 3227 exoeisioribus
829 3167 921 3226 terris
935 3167 992 3226 illa
1007 3173 1177 3246 tempestas

176 3275 381 3353 deprehendit
396 3275 471 3334 alibi
487 3274 621 3333 divitum
636 3278 804 3350 apparatus
816 3277 847 3331 et
862 3290 986 3347 gravem
1003 3273 1177 3350 supelleeti-

175 3380 247 3456 lem,
262 3381 338 3441 alibi
353 3379 667 3452 instrumentaruris,
680 3377 724 3437 ibi
738 3378 832 3437 boves
847 3382 951 3437 aratra
965 3384 1111 3453 reetores,
1125 3379 1177 3438 hie

176 3485 279 3546 soluta
293 3492 324 3545 et
338 3485 439 3545 libera
450 3490 599 3559 armenta,
610 3489 704 3560 atque
715 3483 798 3543 inter
809 3482 885 3542 haee
897 3483 1041 3542 arborum
1051 3490 1178 3544 truncos

139 3608 155 3654 t
175 3596 231 3650 aut
251 3590 398 3650 villarum
413 3591 527 3664 trabes,
542 3589 628 3649 varie
643 3589 768 3665 lateque
782 3587 949 3647 fluitantia.
993 3588 1040 3648 Ao
1061 3608 1100 3649 ne
1121 3589 1178 3650 illa
1197 3601 1227 3648 25

176 3695 302 3774 quidem
316 3696 399 3756 malo
413 3701 603 3755 vacaverunt
618 3712 696 3772 quae
711 3713 774 3752 11011
788 3692 929 3753 aseendit
943 3693 1052 3754 amnis.
1094 3696 1178 3755 Nam
