2664 4170
498 220 759 272 srrsrurnnuu
782 223 803 272 1.
826 222 865 273 13.
1158 214 1179 279 9

173 391 302 452 nuntiat
329 391 410 451 nihil
440 393 503 452 iam
530 411 569 452 ne
598 413 646 452 me
675 394 801 471 quidem
829 395 1074 472 inpetraturum:
1111 403 1177 458 tam

173 497 330 557 obstinate
352 497 450 574 magis
468 516 503 557 ao
522 498 622 574 magis
643 499 828 558 induruisse.
872 500 1004 560 Dixerat
1024 521 1097 562 sane
1116 522 1177 564 me

172 603 243 662 dieo
258 602 436 662 admoventi
452 602 555 661 eibum
572 604 719 681 “κέκρικα,’
735 623 815 680 quae
834 624 892 663 vox
912 611 1064 682 quantum
1081 608 1177 668 admi·

171 708 303 769 rationis
318 708 352 767 in
367 708 470 767 animo
490 726 558 766 meo
577 714 699 767 tantum
720 709 867 768 desiderii
885 710 1021 787 reliquit.
1064 713 1175 789 Cogito

119 827 148 872 11
170 833 233 891 quo
254 815 363 888 amice,
382 832 443 890 quo
464 813 532 871 viro
554 831 684 872 caream.
737 814 889 891 Implevit
911 816 1036 893 quidem
1058 835 1209 878 annums

170 919 340 998 septimum
368 924 401 977 et
428 919 665 993 sexagesimum,
688 937 767 996 quae
793 925 878 980 aetas
904 921 998 980 etiam
1027 923 1173 984 robustis

170 1025 260 1084 simis
285 1023 362 1084 satis
386 1023 480 1099 longa
500 1029 563 1082 est:
591 1023 663 1082 seio.
716 1025 828 1083 Evasit
853 1031 1034 1102 perpetuam
1058 1027 1174 1088 valetu-

169 1130 293 1190 dinem:
330 1129 401 1189 soio.
457 1129 602 1188 Decessit
630 1129 851 1206 superstitibus
880 1131 954 1205 suis,
983 1131 1112 1191 florente
1140 1152 1172 1192 re

168 1235 304 1313 publiea,
320 1253 399 1312 quae
421 1234 469 1293 illi
491 1234 635 1294 omnibus
657 1234 721 1294 suis
742 1235 843 1294 carior
864 1241 945 1295 erat:
969 1241 1001 1295 et
1019 1237 1077 1296 hoo
1099 1239 1170 1298 seio.

120 1350 148 1395 12
168 1343 287 1401 Tamen
307 1345 466 1417 tamquam
485 1345 516 1398 et
533 1339 656 1400 iuvenis
676 1345 709 1398 et
727 1339 898 1400 firmissimi
919 1348 1049 1401 mortem
1073 1342 1170 1417 dole0,
1193 1362 1222 1406 10

168 1446 258 1506 doleo
286 1450 399 1520 antem,
425 1444 499 1503 lioet
526 1463 576 1503 me
603 1444 785 1504 inbecillum
813 1452 913 1523 putes,
939 1465 1008 1505 meo
1036 1448 1169 1507 nomine.

168 1551 272 1611 Amisi
296 1551 389 1624 enim,
415 1549 506 1609 amisi
528 1549 611 1609 vitae
636 1568 723 1609 meae
747 1556 859 1610 testem
886 1557 1036 1611 restorem
1061 1553 1172 1628 magis·

166 1663 259 1716 trum.
303 1656 344 1715 In
365 1674 494 1730 summa,
517 1655 618 1714 dicam
640 1656 724 1732 quod
745 1656 863 1715 recenti
885 1656 990 1716 dolore
1011 1659 1172 1718 contuber-

165 1762 233 1821 nali
254 1779 323 1820 meo
343 1760 481 1821 Calvisio
502 1749 578 1836 dixi,
600 1766 725 1820 ‘vereor
746 1779 785 1819 ne
806 1761 1022 1837 neglegentius
1045 1763 1169 1823 vivam!

120 1878 145 1923 [3
165 1866 303 1926 Proinde
325 1866 438 1926 adhibe
460 1865 577 1926 solacia
599 1865 687 1941 mihi,
709 1884 772 1925 non
792 1867 869 1926 haee
891 1873 1003 1926 ‘senex
1028 1874 1104 1942 erat,
1127 1869 1171 1927 in·
1192 1887 1219 1933 15

164 1971 276 2031 firmus
304 1971 389 2031 erat’
419 1971 509 2049 (haee
541 1970 624 2030 enim
651 1971 750 2052 novi),
780 1971 835 2030 sed
862 1990 943 2031 nova
970 1971 1085 2049 aliqua,
1115 1975 1169 2033 sed

164 2096 287 2153 magna,
317 2095 396 2154 quae
427 2076 580 2135 audierim
614 2095 793 2153 numquam,
826 2075 954 2151 legerim
989 2096 1167 2155 numquam.

163 2184 249 2243 Nam
264 2201 343 2260 quae
362 2181 478 2256 audivi,
495 2200 573 2259 quae
588 2180 658 2258 legi,
675 2187 786 2258 sponte
802 2188 995 2259 suoourrunt,
1012 2183 1067 2242 sed
1080 2188 1169 2243 tanto

164 2287 271 2347 dolore
287 2293 480 2365 superantur.
524 2286 610 2348 Vale.

576 2471 606 2532 9.
632 2468 756 2549 (xm.)

326 2631 355 2682 C.
382 2628 526 2680 PLINIUS
549 2628 649 2679 SOSIO
673 2627 866 2678 SENECIONI
889 2627 957 2679 SUO
981 2629 1006 2680 S.

395 2777 449 2828 The
461 2777 653 2839 unpopalarau
665 2776 697 2837 os
704 2775 798 2861 ppblie
812 2776 946 2838 reodiaps.

126 2944 141 2988 1
206 2927 356 3001 Magnum
371 2927 557 3001 proventum
568 2925 731 2998 poetarum
746 2939 846 2978 annus
862 2919 914 2979 hio
928 2920 1045 2980 attulit.
1089 2923 1168 2982 Toto
1188 2939 1218 2984 20

163 3048 272 3090 meuse
286 3028 391 3107 Aprili
406 3026 513 3086 nullus
528 3013 595 3086 fere
612 3025 679 3085 dies
701 3044 762 3102 quo
784 3044 847 3084 non
872 3025 1020 3085 recitaret
1042 3027 1165 3103 aliquis.

163 3136 258 3195 Iuvat
272 3153 322 3194 me
341 3134 424 3211 quod
439 3133 547 3209 vigent
568 3131 681 3205 studia,
696 3131 862 3207 proferunt
877 3149 909 3190 se
925 3130 1051 3206 ingenia
1072 3132 1168 3191 horni-

163 3261 240 3300 num
267 3246 299 3300 et
327 3245 495 3313 ostentant,
517 3236 644 3297 tametsi
666 3236 705 3295 ad
733 3236 922 3294 audiendum
947 3237 1036 3313 pigre
1057 3237 1165 3296 coitur.

126 3363 142 3408 2
163 3346 313 3424 Plerique
327 3345 361 3405 in
376 3343 563 3406 stationibus
579 3341 690 3401 sedent
710 3346 897 3418 tempusque
919 3341 1067 3400 audiendi
1081 3342 1168 3401 fabu-

164 3453 206 3512 lis
220 3456 386 3511 oonterunt
400 3468 434 3509 ao
450 3447 582 3509 subinde
605 3446 665 3506 sibi
682 3446 823 3505 nuntiari
838 3446 948 3505 iubent
962 3465 1002 3506 an
1017 3447 1076 3506 iam
1094 3448 1168 3507 reei-
1187 3467 1215 3512 25

165 3564 248 3618 tator
270 3555 446 3631 intraverit,
470 3574 509 3613 an
532 3551 649 3612 dixerit
671 3552 908 3629 praefationem,
930 3571 970 3612 an
993 3571 1032 3611 ex
1054 3572 1168 3629 magna

165 3669 254 3740 parte
282 3661 435 3722 evolverit
462 3660 595 3721 librum:
617 3664 695 3718 tuno
723 3658 857 3733 demum,
883 3676 918 3718 aa
943 3664 1018 3717 tuno
1044 3678 1167 3737 quoque
