2664 4170
479 241 741 292 rrrsrrmsuuu
764 241 827 291 vn.
849 242 888 292 14.
1143 233 1184 297 93

179 413 357 474 reverentia
371 413 477 491 diligo,
492 413 628 493 primum
650 420 686 474 ut
706 432 841 474 sororem
860 414 976 475 Corelli
998 414 1081 491 Rufi,
1096 415 1183 476 cuius

179 518 259 577 mihi
287 519 436 578 memoria
464 524 661 580 sacrosancta
688 527 745 594 est,
771 516 885 580 deinde
913 525 948 579 ut
977 521 1069 580 matri
1098 540 1184 582 meae

146 640 161 684 4
179 624 470 686 familiarissimam.
513 625 594 685 Sunt
614 625 692 684 mihi
714 632 837 685 etcum
860 626 973 686 marito
994 627 1070 701 eius,
1092 627 1185 686 Mini-

179 729 228 788 cio
250 731 349 805 Iusto,
364 731 482 808 optimo
503 730 580 805 viro,
596 736 703 790 vetera
717 732 801 806 iura;
824 733 954 791 fuorunt
975 738 1097 791 etcum
1118 732 1184 791 lilio

179 835 325 910 maxima,
346 836 423 895 adeo
441 836 567 913 quidem
586 841 622 895 ut
642 841 784 913 praetore
803 855 852 895 me
871 836 955 897 ludis
975 837 1051 897 meis
1066 849 1217 914 praese-o

144 953 160 997 5
180 941 270 1000 derit.
314 942 412 1015 Haec,
422 960 493 1000 cum
508 941 648 1018 proxime
660 941 732 1001 istic
746 942 804 1016 fui,
814 941 968 1001 indicavit
981 943 1059 1000 mihi
1071 961 1183 1020 cupere

180 1065 213 1106 se
229 1046 350 1122 aliquid
367 1047 449 1106 circa
469 1047 598 1106 Larium
617 1053 758 1107 nostrum
779 1047 947 1125 possidere.
990 1049 1057 1123 Ego
1077 1048 1125 1106 illi
1144 1066 1183 1108 ex

179 1152 318 1228 praediis
337 1152 415 1212 meis
430 1153 514 1229 quod
528 1152 624 1211 vellet
639 1158 671 1211 et
685 1153 796 1230 quanti
810 1153 907 1212 vellet
921 1153 1031 1227 obtuli,
1043 1154 1183 1231 exceptis

179 1258 330 1317 maternis
340 1258 559 1334 paternisque:
575 1257 625 1317 his
634 1257 718 1316 enim
728 1258 835 1317 cedere
845 1277 884 1316 ne
894 1258 1046 1318 Corelliae
1057 1259 1183 1336 quidem

141 1381 315 1440 epossum.
359 1362 462 1438 Igitur
482 1382 554 1422 cum
574 1363 754 1423 obvenisset
779 1363 858 1422 mihi
885 1363 1044 1424 hereditas
1066 1364 1099 1423 in
1121 1383 1183 1441 qua
1202 1379 1230 1423 10

178 1469 310 1546 praedia
336 1468 407 1542 ista,
434 1468 545 1546 scripsi
567 1469 596 1527 ei
618 1468 745 1528 venalia
768 1469 884 1528 futura
935 1471 1005 1529 Has
1030 1470 1182 1547 epistulas

178 1574 314 1633 Hermes
329 1573 405 1632 tulit
420 1573 620 1650 exigentique
637 1579 673 1632 ut
690 1573 798 1633 statim
813 1573 986 1651 portionem
1005 1593 1103 1634 meam
1121 1575 1182 1635 sibi

177 1679 339 1738 addiceret
366 1679 481 1756 paruit.
536 1678 634 1739 Vides
659 1697 753 1755 quam
781 1685 882 1738 ratum
911 1679 1040 1739 debeam
1067 1678 1181 1740 habere

140 1796 156 1841 7
177 1784 263 1860 quod
284 1783 415 1843 libertus
437 1802 525 1843 meus
546 1783 625 1844 meis
646 1783 786 1845 moribus
808 1783 932 1858 gessit?
975 1785 1123 1862 Superest
1145 1792 1181 1845 ut

176 1888 346 1948 coheredes
367 1906 465 1964 aequo
486 1887 589 1948 animo
610 1889 715 1948 ferant
735 1888 905 1966 separatim
929 1907 977 1948 me
1000 1889 1179 1950 vendidisse
1200 1906 1228 1952 15

177 1994 262 2071 quod
283 1993 363 2052 mihi
383 1993 474 2052 licuit
491 1992 617 2052 omnino
638 2012 700 2051 non
714 1994 857 2053 vendere.
900 1995 968 2053 Neo
982 2012 1055 2053 vero
1070 2013 1180 2071 cogun-

138 2114 155 2158 8
176 2104 230 2158 tur
244 2097 363 2157 imitari
378 2117 481 2157 meum
495 2098 681 2175 exemplum.
724 2099 797 2158 Non
809 2099 893 2157 enim
906 2099 971 2158 illis
986 2099 1093 2158 eadem
1108 2118 1178 2158 cum

177 2203 315 2264 Corellia
329 2203 405 2261 iura.
448 2204 586 2262 Possunt
600 2222 673 2279 ergo
692 2202 808 2262 intueri
823 2203 994 2262 utilitatem
1010 2222 1107 2278 suam,
1122 2222 1178 2282 pro

176 2328 240 2386 qua
255 2308 333 2367 mihi
347 2306 410 2367 fuit
425 2308 571 2367 amicitia.
614 2309 701 2369 Vale.

582 2513 633 2573 ⁷⁷.
654 2510 770 2592 (xiv.)

376 2667 404 2716 C.
429 2665 572 2716 PLINIUS
595 2665 804 2716 CORELLIAE
828 2666 922 2716 SUAE
946 2667 973 2718 S.

385 2807 503 2858 Corellia
515 2809 539 2857 is
551 2809 684 2858 reluctant
695 2814 722 2859 to
734 2815 821 2871 accept
833 2809 876 2859 tte
882 2811 972 2870 favor.

140 2974 154 3019 1
216 2950 264 3006 Tu
279 2947 404 3024 quidem
419 2947 649 3021 honestissime,
665 2949 748 3024 quod
762 2953 826 3007 tam
842 2948 973 3025 inpense
991 2954 1022 3007 et
1040 2968 1129 3024 rogas
1144 2956 1176 3008 et
1195 2967 1225 3011 20

174 3053 277 3129 exigis
297 3059 333 3112 ut
354 3052 454 3129 accipi
476 3052 599 3111 iubeam
623 3059 693 3112 ate
716 3054 852 3130 pretium
878 3072 1021 3128 agrorum
1046 3073 1108 3112 non
1136 3073 1175 3113 ex

174 3158 383 3236 septingentis
404 3157 542 3231 milibus,
561 3158 671 3233 quanti
693 3158 765 3218 illos
786 3177 805 3217 a
825 3158 938 3217 liberto
960 3177 1037 3232 meo,
1059 3158 1114 3218 sed
1136 3177 1175 3217 ex

173 3263 350 3340 nongentis,
366 3262 476 3339 quanti
495 3281 513 3320 a
529 3262 704 3339 publicanis
722 3263 1039 3339 partemvicesirnam
1060 3263 1173 3322 emisti.

137 3381 152 3426 a
172 3368 314 3428 Invicem
328 3387 385 3443 ego
399 3373 430 3426 et
444 3386 518 3442 rogo
533 3373 564 3425 et
579 3367 670 3443 exigo
684 3372 720 3425 ut
733 3387 795 3426 non
807 3367 907 3427 solum
922 3367 998 3444 quid
1012 3372 1053 3442 te,
1065 3387 1174 3427 verum

171 3475 268 3534 etiam
290 3473 367 3550 quid
395 3491 444 3530 me
469 3473 577 3531 deceat
604 3473 737 3549 aspicias
766 3472 958 3549 patiarisque
981 3492 1030 3531 me
1055 3473 1089 3531 in
1116 3472 1174 3533 hoc
1193 3495 1222 3540 at

169 3599 233 3640 uno
247 3578 307 3639 tibi
325 3579 432 3637 eodem
452 3578 556 3636 animo
571 3596 744 3655 repugnare
761 3597 822 3657 quo
838 3578 871 3635 in
886 3577 1029 3638 omnibus
1044 3578 1174 3658 obsequi
1204 3638 1207 3646 ,

169 3684 263 3747 soleo.
305 3683 393 3744 Vale.
