2664 4170
612 270 641 320 C.
663 269 763 320 PLINI

608 519 660 579 56.
689 515 763 597 (11.)

315 687 344 737 C.
368 687 512 737 PLINIUS
536 686 746 739 CALPURNIO
769 687 914 738 FLACCO
940 689 1014 740 SUO
1042 690 1071 741 S.

471 834 581 886 Thants
587 837 636 899 sor
647 850 663 885 a
675 835 727 899 oisc
738 836 770 898 os
778 836 908 886 taraches.

228 979 345 1057 Accepi
360 980 584 1057 pulcherrimos
605 981 723 1055 turdos,
738 999 810 1040 oum
830 980 948 1057 quibus
967 1001 1081 1058 parem
1103 983 1222 1043 calcu-1

188 1085 252 1143 lum
277 1105 390 1162 ponere
413 1104 469 1144 nec
493 1086 580 1145 urbis
604 1085 702 1162 copiis
727 1103 766 1143 ex
794 1086 991 1145 Laurentino
1015 1106 1077 1147 nec
1105 1088 1194 1147 maris

188 1196 251 1248 tam
267 1191 402 1248 turbidis
424 1191 663 1266 tempestatibus
682 1209 817 1267 possum.
859 1191 1014 1268 Recipies
1030 1211 1107 1268 ergo
1121 1192 1195 1270 epis
1210 1206 1222 1250 a

187 1295 270 1354 tulas
286 1295 409 1354 steriles
426 1301 458 1353 et
474 1295 660 1372 simpliciter
683 1295 824 1371 ingratas
844 1313 879 1354 ac
897 1313 939 1354 ne
960 1296 1052 1356 illam
1072 1288 1193 1375 quidem

152 1416 166 1458 5
188 1399 359 1458 sollertiam
381 1400 542 1459 Diomedis
572 1401 604 1458 in
632 1400 838 1477 permutando
866 1419 996 1459 munere
1023 1401 1191 1462 imitantes.

188 1505 258 1578 Sed,
281 1524 360 1581 quae
384 1505 521 1564 facilitas
544 1510 607 1579 tua,
632 1505 691 1564 hoc
718 1505 818 1580 magis
843 1505 934 1565 dabis
958 1507 1091 1567 veniam
1114 1508 1193 1585 quod

188 1629 220 1668 se
235 1629 298 1668 non
312 1610 424 1668 mereri
438 1610 587 1669 fatentur.
631 1611 716 1670 Vale.

613 1875 664 1934 57.
694 1871 758 1951 (v.)

363 2043 392 2092 C.
415 2042 559 2092 PLINIUS
582 2041 692 2090 NONIO
717 2042 869 2091 MAXIMO
893 2041 962 2092 SUO
988 2043 1015 2094 S.

190 2187 245 2238 The
257 2189 335 2238 death
348 2191 380 2251 of
389 2191 514 2239 Fannius
527 2189 583 2237 aad
594 2189 651 2237 hom
664 2189 694 2237 hc
708 2189 762 2237 tad
772 2189 835 2238 been
842 2189 1017 2251 soreworned
1026 2194 1056 2242 in
1068 2209 1085 2244 α
1095 2195 1191 2244 dream.

226 2334 416 2392 Nuntiatum
431 2334 509 2391 mibi
524 2340 572 2393 est
587 2334 619 2394 Ο.
635 2333 789 2393 Fannium
803 2333 981 2409 decessisse,
993 2337 1049 2413 qui
1061 2340 1190 2399 nuntius
1209 2352 1219 2395 1

186 2458 234 2497 me
254 2440 341 2513 gravi
361 2439 465 2497 dolore
480 2439 632 2513 confudit,
648 2439 792 2514 primum,
809 2440 892 2515 quod
911 2443 1015 2500 amavi
1031 2442 1190 2503 hominem

137 2566 165 2609 10
186 2545 358 2619 elegantem
382 2544 543 2618 disertum,
567 2544 688 2618 deinde,
711 2544 794 2619 quod
815 2543 931 2603 iudicio
952 2545 1023 2605 eius
1044 2550 1095 2608 uti
1118 2549 1190 2609 sole

185 2652 263 2709 bam.
301 2651 377 2708 Erat
399 2650 483 2707 enim
503 2656 611 2708 acutus
631 2655 750 2722 natura,
766 2668 825 2708 usu
840 2650 1039 2723 exercitatus,
1056 2656 1189 2714 veritate

186 2755 446 2832 promptissimus
491 2754 591 2829 Angit
606 2773 653 2812 me
666 2772 758 2829 super
773 2753 835 2813 ista
846 2773 935 2814 casus
947 2755 1065 2833 ipsius:
1090 2761 1189 2820 deces·
1206 2775 1219 2818 a

186 2862 228 2920 sit
243 2867 346 2919 vetere
361 2865 557 2932 testamento,
575 2859 680 2917 omisit
696 2878 772 2935 quos
787 2860 922 2918 maxime
945 2861 1109 2940 diligebat,
1125 2885 1190 2943 pro

186 2974 309 3027 secutus
338 2974 385 3027 est
408 2968 521 3044 quibus
546 2968 693 3026 offensior
719 2973 792 3027 erat.
846 2968 907 3027 Sed
932 2967 990 3026 hoc
1018 2975 1188 3048 utcumque

137 3095 165 3138 15
185 3074 355 3148 tolerabile,
372 3075 496 3149 gravius
520 3076 607 3150 illud,
624 3077 707 3152 quod
725 3075 969 3153 pulcherrimum
984 3094 1064 3152 opus
1078 3077 1189 3155 imper-

185 3180 301 3238 fectum
325 3180 462 3256 reliquit.
507 3181 655 3250 Quamvis
677 3181 759 3240 enim
787 3182 915 3257 agendis
937 3181 1041 3241 causis
1063 3181 1220 3243 distrios

185 3292 318 3361 geretur,
342 3287 495 3345 scribebat
524 3292 629 3345 tamen
658 3287 761 3346 exitus
790 3287 960 3347 occisorum
990 3293 1046 3347 aut
1074 3289 1189 3365 relega

186 3396 288 3450 torum
311 3410 328 3449 a
348 3392 482 3466 Nerone,
506 3397 537 3450 et
558 3391 620 3450 iam
643 3397 705 3452 tres
728 3391 823 3452 libros
845 3393 1032 3465 absolverat,
1057 3394 1189 3455 subtiles

186 3502 218 3555 et
239 3495 405 3571 diligentes
422 3502 453 3555 et
468 3497 597 3555 Latinos
613 3503 705 3573 atque
723 3497 805 3556 inter
825 3516 998 3557 sermonem
1012 3497 1190 3560 historiam-

137 3621 166 3666 ao
186 3620 246 3678 que
268 3601 396 3675 medios,
419 3620 453 3661 ac
475 3607 563 3661 tanto
586 3602 685 3679 magis
710 3603 846 3679 reliquos
872 3602 1019 3679 perficere
1042 3605 1191 3682 cupiebat

186 3712 305 3782 quanto
319 3707 515 3782 frequentius
526 3707 560 3766 hi
572 3707 802 3767 lectitabantur.
845 3708 927 3767 Mihi
941 3713 1046 3767 autem
1062 3709 1190 3772 videtur
1208 3729 1221 3776 4
