<?xml version="1.0" encoding="UTF-8"?>
<!DOCTYPE html PUBLIC "-//W3C//DTD XHTML 1.0 Transitional//EN"
    "http://www.w3.org/TR/xhtml1/DTD/xhtml1-transitional.dtd">
<html xmlns="http://www.w3.org/1999/xhtml" xml:lang="en" lang="en">
 <head>
  <title>
</title>
<meta http-equiv="Content-Type" content="text/html;charset=utf-8" />
  <meta name='ocr-system' content='tesseract 3.04.00' />
  <meta name='ocr-capabilities' content='ocr_page ocr_carea ocr_par ocr_line ocrx_word'/>
</head>
<body>
  <div class='ocr_page' id='page_1' title='image "./cplinisecundiep02plingoog_0161.png"; bbox 0 0 2664 4170; ppageno 0'>
   <div class='ocr_carea' id='block_1_1' title="bbox 182 252 755 315">
    <p class='ocr_par' dir='ltr' id='par_1_1' title="bbox 182 252 755 315">
     <span class='ocr_line' id='line_1_1' title="bbox 182 252 755 315; baseline -0.005 0"><span class='ocrx_word' id='word_1_1' title='bbox 182 252 246 315; x_wconf 76' lang='lat'>112</span> <span class='ocrx_word' id='word_1_2' title='bbox 605 264 635 314; x_wconf 85' lang='lat' dir='ltr'>c,</span> <span class='ocrx_word' id='word_1_3' title='bbox 656 264 755 313; x_wconf 81' lang='lat' dir='ltr'>rmru</span> 
     </span>
    </p>
   </div>
   <div class='ocr_carea' id='block_1_2' title="bbox 136 435 1210 1444">
    <p class='ocr_par' dir='ltr' id='par_1_2' title="bbox 136 435 1210 1444">
     <span class='ocr_line' id='line_1_2' title="bbox 182 435 1208 514; baseline -0.006 -18"><span class='ocrx_word' id='word_1_4' title='bbox 182 438 248 511; x_wconf 90' lang='lat' dir='ltr'>das,</span> <span class='ocrx_word' id='word_1_5' title='bbox 277 437 442 495; x_wconf 89' lang='lat' dir='ltr'>convenire</span> <span class='ocrx_word' id='word_1_6' title='bbox 470 457 531 496; x_wconf 93' lang='lat' dir='ltr'>non</span> <span class='ocrx_word' id='word_1_7' title='bbox 560 436 668 514; x_wconf 78' lang='lat' dir='ltr'><strong>possit.</strong></span> <span class='ocrx_word' id='word_1_8' title='bbox 724 437 836 513; x_wconf 89' lang='lat' dir='ltr'>Itaque</span> <span class='ocrx_word' id='word_1_9' title='bbox 863 435 1028 496; x_wconf 82' lang='lat' dir='ltr'>Minervae</span> <span class='ocrx_word' id='word_1_10' title='bbox 1060 441 1208 496; x_wconf 78' lang='lat' dir='ltr'>tantuma</span> 
     </span>
     <span class='ocr_line' id='line_1_3' title="bbox 183 541 1179 617; baseline -0.002 -15"><span class='ocrx_word' id='word_1_11' title='bbox 183 542 380 602; x_wconf 89' lang='lat' dir='ltr'>serviendum</span> <span class='ocrx_word' id='word_1_12' title='bbox 399 549 454 616; x_wconf 88' lang='lat' dir='ltr'>est,</span> <span class='ocrx_word' id='word_1_13' title='bbox 470 542 603 601; x_wconf 82' lang='lat' dir='ltr'>delicate</span> <span class='ocrx_word' id='word_1_14' title='bbox 622 548 737 617; x_wconf 89' lang='lat' dir='ltr'>tamen,</span> <span class='ocrx_word' id='word_1_15' title='bbox 752 541 835 600; x_wconf 89' lang='lat' dir='ltr'>utin</span> <span class='ocrx_word' id='word_1_16' title='bbox 857 559 980 602; x_wconf 88' lang='lat' dir='ltr'>secessu</span> <span class='ocrx_word' id='word_1_17' title='bbox 1002 547 1035 602; x_wconf 88' lang='lat' dir='ltr'>et</span> <span class='ocrx_word' id='word_1_18' title='bbox 1056 547 1179 602; x_wconf 85' lang='lat' dir='ltr'>aestate.</span> 
     </span>
     <span class='ocr_line' id='line_1_4' title="bbox 183 647 1182 724; baseline 0.002 -18"><span class='ocrx_word' id='word_1_19' title='bbox 183 648 222 706; x_wconf 93' lang='lat' dir='ltr'>In</span> <span class='ocrx_word' id='word_1_20' title='bbox 247 648 299 706; x_wconf 88' lang='lat' dir='ltr'>via</span> <span class='ocrx_word' id='word_1_21' title='bbox 323 647 415 724; x_wconf 87' lang='lat' dir='ltr'>plane</span> <span class='ocrx_word' id='word_1_22' title='bbox 443 667 505 706; x_wconf 92' lang='lat' dir='ltr'>non</span> <span class='ocrx_word' id='word_1_23' title='bbox 529 647 617 706; x_wconf 91' lang='lat' dir='ltr'>nulla</span> <span class='ocrx_word' id='word_1_24' title='bbox 644 647 761 706; x_wconf 86' lang='lat' dir='ltr'>leviora</span> <span class='ocrx_word' id='word_1_25' title='bbox 788 647 958 723; x_wconf 76' lang='lat' dir='ltr'><strong>statimque</strong></span> <span class='ocrx_word' id='word_1_26' title='bbox 987 647 1125 708; x_wconf 88' lang='lat' dir='ltr'>delenda</span> <span class='ocrx_word' id='word_1_27' title='bbox 1151 667 1182 708; x_wconf 85' lang='lat' dir='ltr'>ea</span> 
     </span>
     <span class='ocr_line' id='line_1_5' title="bbox 183 752 1180 829; baseline 0.001 -18"><span class='ocrx_word' id='word_1_28' title='bbox 183 753 366 828; x_wconf 76' lang='lat' dir='ltr'>garrulitate</span> <span class='ocrx_word' id='word_1_29' title='bbox 387 771 449 829; x_wconf 92' lang='lat' dir='ltr'>qua</span> <span class='ocrx_word' id='word_1_30' title='bbox 473 771 629 812; x_wconf 86' lang='lat' dir='ltr'>sermones</span> <span class='ocrx_word' id='word_1_31' title='bbox 654 753 688 811; x_wconf 93' lang='lat' dir='ltr'>in</span> <span class='ocrx_word' id='word_1_32' title='bbox 712 752 855 812; x_wconf 77' lang='lat' dir='ltr'>vehiculo</span> <span class='ocrx_word' id='word_1_33' title='bbox 877 758 1025 812; x_wconf 88' lang='lat' dir='ltr'>seruntur</span> <span class='ocrx_word' id='word_1_34' title='bbox 1048 753 1180 812; x_wconf 80' lang='lat' dir='ltr'>extendi.</span> 
     </span>
     <span class='ocr_line' id='line_1_6' title="bbox 148 856 1180 934; baseline 0.003 -19"><span class='ocrx_word' id='word_1_35' title='bbox 148 859 245 917; x_wconf 77' lang='lat' dir='ltr'>ollis</span> <span class='ocrx_word' id='word_1_36' title='bbox 274 858 424 934; x_wconf 88' lang='lat' dir='ltr'>quaedam</span> <span class='ocrx_word' id='word_1_37' title='bbox 454 858 561 916; x_wconf 91' lang='lat' dir='ltr'>addidi</span> <span class='ocrx_word' id='word_1_38' title='bbox 590 859 624 916; x_wconf 94' lang='lat' dir='ltr'>in</span> <span class='ocrx_word' id='word_1_39' title='bbox 645 858 731 933; x_wconf 83' lang='lat' dir='ltr'>villa,</span> <span class='ocrx_word' id='word_1_40' title='bbox 760 876 830 916; x_wconf 87' lang='lat' dir='ltr'>cum</span> <span class='ocrx_word' id='word_1_41' title='bbox 857 856 945 917; x_wconf 90' lang='lat' dir='ltr'>aliud</span> <span class='ocrx_word' id='word_1_42' title='bbox 971 877 1036 916; x_wconf 88' lang='lat' dir='ltr'>non</span> <span class='ocrx_word' id='word_1_43' title='bbox 1063 858 1180 918; x_wconf 89' lang='lat' dir='ltr'>liberet.</span> 
     </span>
     <span class='ocr_line' id='line_1_7' title="bbox 183 962 1182 1039; baseline 0.002 -18"><span class='ocrx_word' id='word_1_44' title='bbox 183 964 295 1039; x_wconf 91' lang='lat' dir='ltr'>Itaque</span> <span class='ocrx_word' id='word_1_45' title='bbox 311 968 454 1039; x_wconf 77' lang='lat' dir='ltr'>poemata</span> <span class='ocrx_word' id='word_1_46' title='bbox 468 963 641 1039; x_wconf 87' lang='lat' dir='ltr'>quiescunt,</span> <span class='ocrx_word' id='word_1_47' title='bbox 657 981 736 1039; x_wconf 92' lang='lat' dir='ltr'>quae</span> <span class='ocrx_word' id='word_1_48' title='bbox 754 968 790 1021; x_wconf 86' lang='lat' dir='ltr'>tu</span> <span class='ocrx_word' id='word_1_49' title='bbox 810 962 893 1022; x_wconf 89' lang='lat' dir='ltr'>inter</span> <span class='ocrx_word' id='word_1_50' title='bbox 906 981 1036 1023; x_wconf 92' lang='lat' dir='ltr'>nemora</span> <span class='ocrx_word' id='word_1_51' title='bbox 1053 968 1087 1023; x_wconf 88' lang='lat' dir='ltr'>et</span> <span class='ocrx_word' id='word_1_52' title='bbox 1102 963 1182 1023; x_wconf 91' lang='lat' dir='ltr'>lucos</span> 
     </span>
     <span class='ocr_line' id='line_1_8' title="bbox 184 1067 1210 1145; baseline 0.001 -18"><span class='ocrx_word' id='word_1_53' title='bbox 184 1068 432 1127; x_wconf 88' lang='lat' dir='ltr'>commodissime</span> <span class='ocrx_word' id='word_1_54' title='bbox 442 1068 549 1145; x_wconf 88' lang='lat' dir='ltr'>perfici</span> <span class='ocrx_word' id='word_1_55' title='bbox 560 1074 662 1145; x_wconf 86' lang='lat' dir='ltr'>putas.</span> <span class='ocrx_word' id='word_1_56' title='bbox 698 1067 934 1129; x_wconf 83' lang='lat' dir='ltr'>Oratiunculam</span> <span class='ocrx_word' id='word_1_57' title='bbox 946 1068 1043 1127; x_wconf 84' lang='lat' dir='ltr'>anain</span> <span class='ocrx_word' id='word_1_58' title='bbox 1054 1068 1183 1128; x_wconf 89' lang='lat' dir='ltr'>alteram</span> <span class='ocrx_word' id='word_1_59' title='bbox 1198 1075 1210 1120; x_wconf 82' lang='lat'><strong>3</strong></span> 
     </span>
     <span class='ocr_line' id='line_1_9' title="bbox 184 1173 1184 1250; baseline 0.002 -19"><span class='ocrx_word' id='word_1_60' title='bbox 184 1173 368 1247; x_wconf 81' lang='lat' dir='ltr'>retractavi3</span> <span class='ocrx_word' id='word_1_61' title='bbox 401 1191 590 1250; x_wconf 91' lang='lat' dir='ltr'>quamquam</span> <span class='ocrx_word' id='word_1_62' title='bbox 614 1174 648 1232; x_wconf 93' lang='lat' dir='ltr'>id</span> <span class='ocrx_word' id='word_1_63' title='bbox 672 1191 769 1249; x_wconf 89' lang='lat' dir='ltr'>genus</span> <span class='ocrx_word' id='word_1_64' title='bbox 794 1173 895 1250; x_wconf 89' lang='lat' dir='ltr'>operis</span> <span class='ocrx_word' id='word_1_65' title='bbox 919 1173 1102 1249; x_wconf 86' lang='lat' dir='ltr'>inamabile,</span> <span class='ocrx_word' id='word_1_66' title='bbox 1126 1175 1184 1233; x_wconf 85' lang='lat' dir='ltr'>ina</span> 
     </span>
     <span class='ocr_line' id='line_1_10' title="bbox 184 1277 1184 1357; baseline 0.002 -21"><span class='ocrx_word' id='word_1_67' title='bbox 184 1297 328 1336; x_wconf 93' lang='lat' dir='ltr'>moenum</span> <span class='ocrx_word' id='word_1_68' title='bbox 356 1279 516 1355; x_wconf 86' lang='lat' dir='ltr'>magisque</span> <span class='ocrx_word' id='word_1_69' title='bbox 547 1278 705 1339; x_wconf 86' lang='lat' dir='ltr'>laboribus</span> <span class='ocrx_word' id='word_1_70' title='bbox 736 1277 817 1337; x_wconf 88' lang='lat' dir='ltr'>ruris</span> <span class='ocrx_word' id='word_1_71' title='bbox 848 1296 941 1355; x_wconf 91' lang='lat' dir='ltr'>quam</span> <span class='ocrx_word' id='word_1_72' title='bbox 969 1278 1184 1357; x_wconf 87' lang='lat' dir='ltr'>voluptatibus</span> 
     </span>
     <span class='ocr_line' id='line_1_11' title="bbox 136 1382 423 1444; baseline -0.01 0"><span class='ocrx_word' id='word_1_73' title='bbox 136 1399 165 1444; x_wconf 89' lang='lat'>10</span> <span class='ocrx_word' id='word_1_74' title='bbox 185 1382 294 1443; x_wconf 89' lang='lat' dir='ltr'>simile.</span> <span class='ocrx_word' id='word_1_75' title='bbox 337 1383 423 1443; x_wconf 85' lang='lat' dir='ltr'>Vale.</span> 
     </span>
    </p>
   </div>
   <div class='ocr_carea' id='block_1_3' title="bbox 425 1506 946 1718">
    <p class='ocr_par' dir='ltr' id='par_1_3' title="bbox 425 1506 946 1718">
     <span class='ocr_line' id='line_1_12' title="bbox 595 1506 774 1587; baseline -0.011 -20"><span class='ocrx_word' id='word_1_76' title='bbox 595 1508 647 1568; x_wconf 82' lang='lat' dir='ltr'>aa</span> <span class='ocrx_word' id='word_1_77' title='bbox 677 1506 774 1587; x_wconf 77' lang='lat' dir='ltr'><strong>(xv.)</strong></span> 
     </span>
     <span class='ocr_line' id='line_1_13' title="bbox 425 1665 946 1718; baseline 0.002 -2"><span class='ocrx_word' id='word_1_78' title='bbox 425 1667 453 1716; x_wconf 87' lang='lat' dir='ltr'>C.</span> <span class='ocrx_word' id='word_1_79' title='bbox 478 1665 622 1716; x_wconf 88' lang='lat' dir='ltr'>PLINIUS</span> <span class='ocrx_word' id='word_1_80' title='bbox 646 1665 805 1718; x_wconf 84' lang='lat' dir='ltr'>FALCONI</span> <span class='ocrx_word' id='word_1_81' title='bbox 828 1665 895 1716; x_wconf 87' lang='lat' dir='ltr'>SUO</span> <span class='ocrx_word' id='word_1_82' title='bbox 920 1666 946 1717; x_wconf 88' lang='lat' dir='ltr'>S.</span> 
     </span>
    </p>
   </div>
   <div class='ocr_carea' id='block_1_4' title="bbox 343 1813 1031 1874">
    <p class='ocr_par' dir='ltr' id='par_1_4' title="bbox 343 1813 1031 1874">
     <span class='ocr_line' id='line_1_14' title="bbox 343 1813 1031 1874; baseline -0.001 -12"><span class='ocrx_word' id='word_1_83' title='bbox 343 1813 398 1863; x_wconf 80' lang='lat' dir='ltr'>Not</span> <span class='ocrx_word' id='word_1_84' title='bbox 410 1827 472 1862; x_wconf 82' lang='lat' dir='ltr'>coen</span> <span class='ocrx_word' id='word_1_85' title='bbox 485 1815 513 1862; x_wconf 82' lang='lat' dir='ltr'>ia</span> <span class='ocrx_word' id='word_1_86' title='bbox 526 1813 568 1863; x_wconf 77' lang='lat' dir='ltr'>the</span> <span class='ocrx_word' id='word_1_87' title='bbox 580 1819 691 1874; x_wconf 71' lang='lat' dir='ltr'>country</span> <span class='ocrx_word' id='word_1_88' title='bbox 702 1815 727 1862; x_wconf 77' lang='lat' dir='ltr'>ia</span> <span class='ocrx_word' id='word_1_89' title='bbox 739 1814 836 1863; x_wconf 82' lang='lat' dir='ltr'>leisore</span> <span class='ocrx_word' id='word_1_90' title='bbox 849 1813 1031 1863; x_wconf 78' lang='lat' dir='ltr'>ondistorbed.</span> 
     </span>
    </p>
   </div>
   <div class='ocr_carea' id='block_1_5' title="bbox 136 1957 1228 3094">
    <p class='ocr_par' dir='ltr' id='par_1_5' title="bbox 185 1957 1219 2354">
     <span class='ocr_line' id='line_1_15' title="bbox 224 1957 1219 2035; baseline -0.001 -16"><span class='ocrx_word' id='word_1_91' title='bbox 224 1961 416 2035; x_wconf 82' lang='lat' dir='ltr'>Refugeram</span> <span class='ocrx_word' id='word_1_92' title='bbox 438 1958 472 2015; x_wconf 92' lang='lat' dir='ltr'>in</span> <span class='ocrx_word' id='word_1_93' title='bbox 496 1959 621 2032; x_wconf 86' lang='lat' dir='ltr'>Tuscos,</span> <span class='ocrx_word' id='word_1_94' title='bbox 644 1963 680 2016; x_wconf 91' lang='lat' dir='ltr'>ut</span> <span class='ocrx_word' id='word_1_95' title='bbox 705 1957 810 2017; x_wconf 91' lang='lat' dir='ltr'>omnia</span> <span class='ocrx_word' id='word_1_96' title='bbox 833 1958 874 2017; x_wconf 89' lang='lat' dir='ltr'>ad</span> <span class='ocrx_word' id='word_1_97' title='bbox 895 1957 1060 2017; x_wconf 86' lang='lat' dir='ltr'>arbitrium</span> <span class='ocrx_word' id='word_1_98' title='bbox 1082 1977 1188 2018; x_wconf 91' lang='lat' dir='ltr'>meum</span> <span class='ocrx_word' id='word_1_99' title='bbox 1207 1966 1219 2010; x_wconf 93' lang='lat'>1</span> 
     </span>
     <span class='ocr_line' id='line_1_16' title="bbox 185 2062 1189 2141; baseline -0.002 -16"><span class='ocrx_word' id='word_1_100' title='bbox 185 2066 337 2141; x_wconf 82' lang='lat' dir='ltr'>facerem3</span> <span class='ocrx_word' id='word_1_101' title='bbox 360 2069 393 2123; x_wconf 88' lang='lat' dir='ltr'>at</span> <span class='ocrx_word' id='word_1_102' title='bbox 406 2063 464 2122; x_wconf 94' lang='lat' dir='ltr'>hoc</span> <span class='ocrx_word' id='word_1_103' title='bbox 479 2082 518 2121; x_wconf 93' lang='lat' dir='ltr'>ne</span> <span class='ocrx_word' id='word_1_104' title='bbox 532 2063 566 2120; x_wconf 96' lang='lat' dir='ltr'>in</span> <span class='ocrx_word' id='word_1_105' title='bbox 587 2063 697 2122; x_wconf 82' lang='lat' dir='ltr'>Tuscis</span> <span class='ocrx_word' id='word_1_106' title='bbox 715 2062 858 2141; x_wconf 89' lang='lat' dir='ltr'>quidem:</span> <span class='ocrx_word' id='word_1_107' title='bbox 880 2069 946 2123; x_wconf 87' lang='lat' dir='ltr'>tam</span> <span class='ocrx_word' id='word_1_108' title='bbox 967 2063 1077 2124; x_wconf 89' lang='lat' dir='ltr'>multis</span> <span class='ocrx_word' id='word_1_109' title='bbox 1099 2065 1189 2123; x_wconf 89' lang='lat' dir='ltr'>undi-</span> 
     </span>
     <span class='ocr_line' id='line_1_17' title="bbox 186 2168 1189 2249; baseline 0 -19"><span class='ocrx_word' id='word_1_110' title='bbox 186 2190 245 2249; x_wconf 92' lang='lat' dir='ltr'>que</span> <span class='ocrx_word' id='word_1_111' title='bbox 268 2170 455 2229; x_wconf 90' lang='lat' dir='ltr'>rusticorum</span> <span class='ocrx_word' id='word_1_112' title='bbox 478 2168 594 2228; x_wconf 91' lang='lat' dir='ltr'>libellis</span> <span class='ocrx_word' id='word_1_113' title='bbox 618 2174 649 2227; x_wconf 92' lang='lat' dir='ltr'>et</span> <span class='ocrx_word' id='word_1_114' title='bbox 671 2173 736 2227; x_wconf 86' lang='lat' dir='ltr'>tarn</span> <span class='ocrx_word' id='word_1_115' title='bbox 758 2168 897 2245; x_wconf 89' lang='lat' dir='ltr'>querulis</span> <span class='ocrx_word' id='word_1_116' title='bbox 918 2168 1085 2246; x_wconf 85' lang='lat' dir='ltr'>inquietor,</span> <span class='ocrx_word' id='word_1_117' title='bbox 1110 2189 1189 2247; x_wconf 92' lang='lat' dir='ltr'>quos</span> 
     </span>
     <span class='ocr_line' id='line_1_18' title="bbox 186 2263 1190 2354; baseline -0.001 -19"><span class='ocrx_word' id='word_1_118' title='bbox 186 2277 346 2354; x_wconf 91' lang='lat' dir='ltr'>aliquanto</span> <span class='ocrx_word' id='word_1_119' title='bbox 364 2274 463 2348; x_wconf 89' lang='lat' dir='ltr'>magis</span> <span class='ocrx_word' id='word_1_120' title='bbox 484 2273 603 2332; x_wconf 83' lang='lat' dir='ltr'>invitus</span> <span class='ocrx_word' id='word_1_121' title='bbox 625 2292 718 2350; x_wconf 90' lang='lat' dir='ltr'>quam</span> <span class='ocrx_word' id='word_1_122' title='bbox 739 2291 824 2332; x_wconf 90' lang='lat' dir='ltr'>meos</span> <span class='ocrx_word' id='word_1_123' title='bbox 845 2273 931 2349; x_wconf 82' lang='lat' dir='ltr'>lcg03</span> <span class='ocrx_word' id='word_1_124' title='bbox 953 2263 1079 2332; x_wconf 85' lang='lat' dir='ltr'>namet</span> <span class='ocrx_word' id='word_1_125' title='bbox 1101 2293 1190 2335; x_wconf 88' lang='lat' dir='ltr'>meos</span> 
     </span>
    </p>

    <p class='ocr_par' dir='ltr' id='par_1_6' title="bbox 137 2378 1228 2885">
     <span class='ocr_line' id='line_1_19' title="bbox 137 2378 1225 2456; baseline -0.002 -20"><span class='ocrx_word' id='word_1_126' title='bbox 137 2383 313 2442; x_wconf 79' lang='lat' dir='ltr'>minuitas.</span> <span class='ocrx_word' id='word_1_127' title='bbox 357 2381 506 2438; x_wconf 75' lang='lat' dir='ltr'>Retracto</span> <span class='ocrx_word' id='word_1_128' title='bbox 521 2378 604 2437; x_wconf 92' lang='lat' dir='ltr'>enim</span> <span class='ocrx_word' id='word_1_129' title='bbox 619 2378 812 2438; x_wconf 86' lang='lat' dir='ltr'>actiunculas</span> <span class='ocrx_word' id='word_1_130' title='bbox 832 2379 992 2455; x_wconf 86' lang='lat' dir='ltr'>quasdam,</span> <span class='ocrx_word' id='word_1_131' title='bbox 1007 2378 1091 2455; x_wconf 90' lang='lat' dir='ltr'>quod</span> <span class='ocrx_word' id='word_1_132' title='bbox 1116 2385 1225 2456; x_wconf 80' lang='lat' dir='ltr'>posta</span> 
     </span>
     <span class='ocr_line' id='line_1_20' title="bbox 185 2485 1192 2564; baseline -0.004 -16"><span class='ocrx_word' id='word_1_133' title='bbox 185 2486 449 2564; x_wconf 90' lang='lat' dir='ltr'>intercapedinem</span> <span class='ocrx_word' id='word_1_134' title='bbox 462 2485 611 2562; x_wconf 89' lang='lat' dir='ltr'>temporis</span> <span class='ocrx_word' id='word_1_135' title='bbox 623 2490 654 2544; x_wconf 91' lang='lat' dir='ltr'>et</span> <span class='ocrx_word' id='word_1_136' title='bbox 665 2485 817 2560; x_wconf 84' lang='lat' dir='ltr'>frigidum</span> <span class='ocrx_word' id='word_1_137' title='bbox 829 2490 860 2544; x_wconf 91' lang='lat' dir='ltr'>et</span> <span class='ocrx_word' id='word_1_138' title='bbox 871 2485 1016 2545; x_wconf 89' lang='lat' dir='ltr'>acerbum</span> <span class='ocrx_word' id='word_1_139' title='bbox 1027 2490 1083 2544; x_wconf 89' lang='lat' dir='ltr'>cst.</span> <span class='ocrx_word' id='word_1_140' title='bbox 1130 2487 1192 2544; x_wconf 82' lang='lat' dir='ltr'>Ra</span> 
     </span>
     <span class='ocr_line' id='line_1_21' title="bbox 185 2593 1228 2673; baseline -0.004 -18"><span class='ocrx_word' id='word_1_141' title='bbox 185 2597 287 2655; x_wconf 88' lang='lat' dir='ltr'>tiones</span> <span class='ocrx_word' id='word_1_142' title='bbox 302 2595 392 2673; x_wconf 91' lang='lat' dir='ltr'>quasi</span> <span class='ocrx_word' id='word_1_143' title='bbox 415 2595 542 2654; x_wconf 90' lang='lat' dir='ltr'>absente</span> <span class='ocrx_word' id='word_1_144' title='bbox 563 2613 612 2652; x_wconf 93' lang='lat' dir='ltr'>me</span> <span class='ocrx_word' id='word_1_145' title='bbox 634 2595 850 2670; x_wconf 87' lang='lat' dir='ltr'>negleguntur.</span> <span class='ocrx_word' id='word_1_146' title='bbox 893 2593 1058 2652; x_wconf 88' lang='lat' dir='ltr'>Interdum</span> <span class='ocrx_word' id='word_1_147' title='bbox 1078 2596 1228 2652; x_wconf 82' lang='lat' dir='ltr'>tamena</span> 
     </span>
     <span class='ocr_line' id='line_1_22' title="bbox 186 2699 1192 2780; baseline -0.003 -19"><span class='ocrx_word' id='word_1_148' title='bbox 186 2721 299 2780; x_wconf 87' lang='lat' dir='ltr'>equum</span> <span class='ocrx_word' id='word_1_149' title='bbox 315 2701 487 2761; x_wconf 86' lang='lat' dir='ltr'>conscendo</span> <span class='ocrx_word' id='word_1_150' title='bbox 502 2706 534 2759; x_wconf 90' lang='lat' dir='ltr'>et</span> <span class='ocrx_word' id='word_1_151' title='bbox 548 2706 667 2778; x_wconf 89' lang='lat' dir='ltr'>patrem</span> <span class='ocrx_word' id='word_1_152' title='bbox 685 2700 826 2760; x_wconf 88' lang='lat' dir='ltr'>familiae</span> <span class='ocrx_word' id='word_1_153' title='bbox 847 2700 997 2758; x_wconf 90' lang='lat' dir='ltr'>hactenus</span> <span class='ocrx_word' id='word_1_154' title='bbox 1018 2716 1086 2772; x_wconf 82' lang='lat' dir='ltr'>age,</span> <span class='ocrx_word' id='word_1_155' title='bbox 1103 2699 1192 2775; x_wconf 91' lang='lat' dir='ltr'>quod</span> 
     </span>
     <span class='ocr_line' id='line_1_23' title="bbox 186 2803 1190 2885; baseline -0.002 -20"><span class='ocrx_word' id='word_1_156' title='bbox 186 2808 323 2885; x_wconf 90' lang='lat' dir='ltr'>aliquam</span> <span class='ocrx_word' id='word_1_157' title='bbox 338 2813 458 2884; x_wconf 90' lang='lat' dir='ltr'>partem</span> <span class='ocrx_word' id='word_1_158' title='bbox 474 2807 680 2884; x_wconf 89' lang='lat' dir='ltr'>praediorum,</span> <span class='ocrx_word' id='word_1_159' title='bbox 697 2806 750 2865; x_wconf 88' lang='lat' dir='ltr'>sed</span> <span class='ocrx_word' id='word_1_160' title='bbox 765 2824 822 2882; x_wconf 92' lang='lat' dir='ltr'>pro</span> <span class='ocrx_word' id='word_1_161' title='bbox 836 2803 1008 2880; x_wconf 85' lang='lat' dir='ltr'>gestatione</span> <span class='ocrx_word' id='word_1_162' title='bbox 1029 2821 1190 2879; x_wconf 88' lang='lat' dir='ltr'>percurro.</span> 
     </span>
    </p>

    <p class='ocr_par' dir='ltr' id='par_1_7' title="bbox 136 2907 1194 3094">
     <span class='ocr_line' id='line_1_24' title="bbox 136 2907 1194 2989; baseline 0 -19"><span class='ocrx_word' id='word_1_163' title='bbox 136 2925 165 2970; x_wconf 85' lang='lat'>20</span> <span class='ocrx_word' id='word_1_164' title='bbox 186 2914 234 2971; x_wconf 86' lang='lat' dir='ltr'>Tu</span> <span class='ocrx_word' id='word_1_165' title='bbox 249 2912 505 2971; x_wconf 87' lang='lat' dir='ltr'>consuetudinem</span> <span class='ocrx_word' id='word_1_166' title='bbox 521 2931 610 2971; x_wconf 90' lang='lat' dir='ltr'>serva</span> <span class='ocrx_word' id='word_1_167' title='bbox 624 2911 775 2989; x_wconf 89' lang='lat' dir='ltr'>nobisque</span> <span class='ocrx_word' id='word_1_168' title='bbox 790 2910 835 2970; x_wconf 91' lang='lat' dir='ltr'>sic</span> <span class='ocrx_word' id='word_1_169' title='bbox 849 2908 975 2970; x_wconf 88' lang='lat' dir='ltr'>rusticis</span> <span class='ocrx_word' id='word_1_170' title='bbox 986 2907 1108 2968; x_wconf 90' lang='lat' dir='ltr'>urbana</span> <span class='ocrx_word' id='word_1_171' title='bbox 1119 2915 1194 2970; x_wconf 85' lang='lat' dir='ltr'>acta</span> 
     </span>
     <span class='ocr_line' id='line_1_25' title="bbox 186 3017 478 3094; baseline -0.007 -18"><span class='ocrx_word' id='word_1_172' title='bbox 186 3017 348 3094; x_wconf 88' lang='lat' dir='ltr'>perscribe.</span> <span class='ocrx_word' id='word_1_173' title='bbox 391 3017 478 3076; x_wconf 89' lang='lat' dir='ltr'>Vale.</span> 
     </span>
    </p>
   </div>
   <div class='ocr_carea' id='block_1_6' title="bbox 438 3139 929 3349">
    <p class='ocr_par' dir='ltr' id='par_1_8' title="bbox 438 3139 929 3349">
     <span class='ocr_line' id='line_1_26' title="bbox 581 3139 781 3219; baseline -0.03 -17"><span class='ocrx_word' id='word_1_174' title='bbox 581 3142 633 3202; x_wconf 86' lang='lat'>94.</span> <span class='ocrx_word' id='word_1_175' title='bbox 664 3139 781 3219; x_wconf 79' lang='lat' dir='ltr'>(xix.)</span> 
     </span>
     <span class='ocr_line' id='line_1_27' title="bbox 438 3298 929 3349; baseline -0.004 0"><span class='ocrx_word' id='word_1_176' title='bbox 438 3300 465 3349; x_wconf 80' lang='lat' dir='ltr'>C.</span> <span class='ocrx_word' id='word_1_177' title='bbox 490 3300 634 3349; x_wconf 88' lang='lat' dir='ltr'>PLINIUS</span> <span class='ocrx_word' id='word_1_178' title='bbox 658 3299 791 3348; x_wconf 83' lang='lat' dir='ltr'>RUSONI</span> <span class='ocrx_word' id='word_1_179' title='bbox 814 3299 881 3348; x_wconf 91' lang='lat' dir='ltr'>SUO</span> <span class='ocrx_word' id='word_1_180' title='bbox 904 3298 929 3348; x_wconf 90' lang='lat' dir='ltr'>S.</span> 
     </span>
    </p>
   </div>
   <div class='ocr_carea' id='block_1_7' title="bbox 446 3445 924 3508">
    <p class='ocr_par' dir='ltr' id='par_1_9' title="bbox 446 3445 924 3508">
     <span class='ocr_line' id='line_1_28' title="bbox 446 3445 924 3508; baseline -0.006 -13"><span class='ocrx_word' id='word_1_181' title='bbox 446 3447 498 3496; x_wconf 78' lang='lat' dir='ltr'>The</span> <span class='ocrx_word' id='word_1_182' title='bbox 511 3447 615 3508; x_wconf 76' lang='lat' dir='ltr'>epitaph</span> <span class='ocrx_word' id='word_1_183' title='bbox 628 3447 660 3508; x_wconf 81' lang='lat' dir='ltr'>os</span> <span class='ocrx_word' id='word_1_184' title='bbox 674 3446 815 3507; x_wconf 71' lang='lat' dir='ltr'>Verpinicr</span> <span class='ocrx_word' id='word_1_185' title='bbox 827 3445 924 3508; x_wconf 77' lang='lat' dir='ltr'>Rosos.</span> 
     </span>
    </p>
   </div>
   <div class='ocr_carea' id='block_1_8' title="bbox 186 3588 1230 3775">
    <p class='ocr_par' dir='ltr' id='par_1_10' title="bbox 186 3588 1230 3775">
     <span class='ocr_line' id='line_1_29' title="bbox 228 3588 1230 3667; baseline 0.004 -16"><span class='ocrx_word' id='word_1_186' title='bbox 228 3590 390 3666; x_wconf 87' lang='lat' dir='ltr'>Significas</span> <span class='ocrx_word' id='word_1_187' title='bbox 412 3590 524 3667; x_wconf 89' lang='lat' dir='ltr'>legisse</span> <span class='ocrx_word' id='word_1_188' title='bbox 545 3596 577 3649; x_wconf 87' lang='lat' dir='ltr'>te</span> <span class='ocrx_word' id='word_1_189' title='bbox 598 3591 632 3648; x_wconf 92' lang='lat' dir='ltr'>in</span> <span class='ocrx_word' id='word_1_190' title='bbox 653 3590 787 3667; x_wconf 89' lang='lat' dir='ltr'>quadam</span> <span class='ocrx_word' id='word_1_191' title='bbox 809 3589 944 3667; x_wconf 88' lang='lat' dir='ltr'>epistula</span> <span class='ocrx_word' id='word_1_192' title='bbox 964 3607 1034 3649; x_wconf 91' lang='lat' dir='ltr'>mea</span> <span class='ocrx_word' id='word_1_193' title='bbox 1054 3588 1193 3655; x_wconf 89' lang='lat' dir='ltr'>iussisse</span> <span class='ocrx_word' id='word_1_194' title='bbox 1215 3609 1230 3654; x_wconf 96' lang='lat'>1</span> 
     </span>
     <span class='ocr_line' id='line_1_30' title="bbox 186 3695 886 3775; baseline -0.004 -17"><span class='ocrx_word' id='word_1_195' title='bbox 186 3695 369 3775; x_wconf 88' lang='lat' dir='ltr'>Verginium</span> <span class='ocrx_word' id='word_1_196' title='bbox 384 3697 505 3755; x_wconf 86' lang='lat' dir='ltr'>Rufum</span> <span class='ocrx_word' id='word_1_197' title='bbox 519 3695 647 3759; x_wconf 91' lang='lat' dir='ltr'>inscribi</span> <span class='ocrx_word' id='word_1_198' title='bbox 663 3696 806 3774; x_wconf 89' lang='lat' dir='ltr'>sepulcro</span> <span class='ocrx_word' id='word_1_199' title='bbox 821 3715 886 3772; x_wconf 84' lang='lat' dir='ltr'>suc,</span> 
     </span>
    </p>
   </div>
   <div class='ocr_carea' id='block_1_9' title="bbox 0 0 1344 4170">
    <p class='ocr_par' dir='ltr' id='par_1_11' title="bbox 0 0 1344 4170">
     <span class='ocr_line' id='line_1_31' title="bbox 0 0 1344 4170; baseline 0 0"><span class='ocrx_word' id='word_1_200' title='bbox 0 0 1344 4170; x_wconf 95' lang='lat' dir='ltr'> </span> 
     </span>
    </p>
   </div>
  </div>
 </body>
</html>
