2664 4170
412 269 420 280 ’
479 259 741 310 0000000000
764 258 813 308 1x.
833 257 873 308 30.
1113 245 1178 310 119

172 442 222 492 ter
237 439 342 492 tamen
364 438 396 491 et
417 432 473 491 illa
494 431 644 490 firmatur.
687 431 807 489 Iterum
823 430 956 505 ambulo,
971 449 1079 506 ungor,
1095 448 1178 490 exer-

137 547 153 591 4
173 557 253 613 ceor,
269 539 364 597 lavor.
408 537 539 598 Cenanti
561 537 652 612 mihi,
665 536 691 596 si
707 556 777 595 cum
792 555 886 594 uxore
901 537 951 594 vel
966 536 1083 614 paucis,
1098 535 1178 595 liber

173 643 304 720 legitur:
334 649 406 721 post
433 661 542 703 cenam
570 643 733 701 comoedus
756 647 811 701 aut
832 642 976 719 lyristes:
1006 661 1078 701 mox
1106 661 1176 700 cum

173 750 252 809 meis
268 748 401 823 ambulo,
417 768 549 824 quorum
564 748 597 805 in
612 752 829 807 numerosunt
846 746 970 805 eruditi.
1014 747 1066 806 Ita
1079 747 1175 807 variis

174 855 369 914 sermonibus
383 872 515 931 vespera
528 852 717 927 extenditur,
730 858 761 911 et
772 870 959 929 quamquam
974 852 1175 927 longissimus
1195 863 1210 908 5

138 965 153 1010 ὅ
174 960 242 1020 dies
256 960 319 1019 cito
333 959 487 1019 conditur.
528 959 601 1018 Non
623 976 793 1035 numquam
809 975 847 1016 ex
861 957 920 1016 hoc
942 957 1050 1016 ordine
1071 957 1177 1034 aliqua

174 1070 344 1124 mutantur.
387 1065 471 1123 Nam
486 1063 513 1123 si
528 1063 583 1122 diu
597 1063 678 1122 iacui
693 1063 743 1121 vel
759 1062 925 1137 ambulavi,
941 1068 1012 1140 post
1034 1082 1176 1122 somnum

174 1170 300 1229 demum
328 1169 555 1244 lectionemque
582 1187 645 1227 non
665 1168 810 1227 vehiculo
838 1168 901 1243 sed,
930 1169 1013 1244 quod
1041 1168 1174 1242 brevius,

174 1275 249 1352 quia
262 1275 409 1349 velocius,
424 1292 505 1350 equo
519 1280 629 1348 gestor.
671 1261 893 1332 Interveniunt
914 1273 1005 1332 amici
1023 1292 1061 1332 ex
1076 1274 1176 1351 proxi-

174 1380 235 1439 mis
254 1380 379 1457 oppidis
400 1385 583 1456 partemque
605 1378 668 1437 diei
689 1379 730 1437 ad
752 1396 784 1437 se
805 1378 935 1438 trahrmt
957 1379 1175 1456 interdumque
1195 1389 1224 1435 10

137 1494 153 1539 6
174 1485 257 1545 lasso
271 1485 350 1544 mihi
365 1490 540 1562 opportuna
554 1483 808 1561 interpellatione
830 1484 1028 1544 subveniunt.
1071 1485 1175 1544 Venor

174 1591 352 1668 aliquando,
375 1591 513 1650 sednon
535 1591 603 1650 sine
624 1589 840 1667 pugillaribus,
862 1595 907 1664 ut,
929 1590 1073 1666 quamvis
1093 1590 1174 1648 nihil

173 1697 318 1774 ceperim,
333 1716 395 1755 non
411 1696 491 1754 nihil
508 1696 650 1755 referam.
693 1697 794 1754 Datur
809 1700 841 1754 et
857 1694 984 1768 colonis,
1000 1700 1036 1753 ut
1050 1695 1175 1754 videtur

173 1802 261 1880 ipst,
277 1821 339 1861 non
354 1801 431 1860 satis
446 1801 604 1878 temporis,
620 1820 751 1878 quorum
768 1799 847 1858 mihi
865 1804 1003 1875 agrestes
1018 1799 1175 1875 querellae

173 1907 297 1967 litteras
311 1912 434 1967 nostras
449 1912 481 1965 et
494 1906 571 1966 haec
584 1907 704 1966 urbana
717 1924 811 1984 opera
824 1906 1050 1964 commendant.
1087 1904 1173 1964 Vale.
1196 1917 1223 1961 15

532 2161 607 2222 100.
633 2158 815 2239 (xxxix.)

422 2329 451 2380 C.
477 2330 622 2380 PLINIUS
645 2330 781 2381 MUSTIO
805 2329 873 2380 SUO
897 2329 923 2380 S.

485 2487 660 2538 Ecstorotioa
678 2488 710 2551 os
723 2502 739 2538 0
758 2490 860 2550 temple.

138 2657 152 2701 1
213 2641 426 2720 Haruspicum
440 2642 562 2702 monitu
581 2641 748 2702 reficienda
768 2648 817 2703 est
837 2642 916 2701 mihi
937 2643 1029 2704 aedes
1051 2643 1172 2704 Cereris

173 2747 207 2806 in
220 2747 356 2825 praediis
371 2748 405 2806 in
419 2748 531 2808 melius
547 2754 578 2808 et
592 2749 626 2807 in
644 2749 754 2824 maius,
769 2754 860 2809 vetus
883 2768 956 2809 sane
978 2755 1009 2808 et
1030 2755 1171 2824 angusta,

137 2866 243 2912 acum
268 2853 310 2912 sit
334 2853 453 2929 alioqui
475 2859 557 2913 stato
579 2854 630 2912 die
651 2854 915 2931 frequentissima.
957 2855 1040 2914 Nam
1062 2855 1171 2915 Idibus

173 2958 407 3034 Septembribus
422 2977 553 3035 magnus
568 2977 584 3017 e
599 2959 723 3034 regione
737 2965 805 3019 tota
818 2960 881 3018 coit
895 2960 1037 3037 populus,
1054 2959 1171 3019 multae

172 3082 220 3123 res
243 3070 387 3140 agimtur,
409 3064 510 3123 multa
530 3070 605 3124 vota
625 3065 845 3142 suscipiuntur,
867 3065 968 3124 multa
988 3065 1169 3139 redduntur,
1191 3081 1221 3126 ao

172 3169 226 3228 sed
247 3169 370 3228 nullum
392 3169 425 3227 in
446 3169 587 3246 proximo
612 3170 781 3246 suffugium
804 3176 857 3230 aut
878 3169 987 3230 imbris
1009 3175 1064 3229 aut
1085 3169 1169 3230 solis.

136 3273 287 3334 3Videor
315 3293 388 3350 ergo
420 3274 566 3334 munifice
601 3273 694 3334 simul
729 3275 934 3351 religioseque
962 3276 1113 3349 facturae,
1143 3275 1171 3334 si

171 3380 277 3438 aedem
295 3398 388 3457 quam
408 3379 649 3457 pulcherrimam
665 3386 854 3454 exstruxem,
870 3379 1019 3439 addidero
1032 3380 1170 3457 porticus

170 3485 250 3559 aedi,
265 3484 352 3545 illam
368 3485 408 3544 ad
421 3505 511 3545 usum
528 3486 612 3560 deae,
628 3486 685 3545 has
700 3487 740 3545 ad
759 3485 929 3544 hominum.
972 3485 1076 3545 Velim
1098 3503 1170 3560 ergo

169 3608 254 3650 emas
269 3595 416 3668 quattuor
437 3610 624 3651 marmoreas
646 3591 814 3666 columnas,
829 3591 917 3650 euius
939 3590 998 3649 tibi
1011 3590 1171 3649 videbitur
1190 3606 1219 3651 aa

169 3695 301 3772 generis,
323 3715 408 3756 emas
436 3715 598 3772 marmora,
620 3697 733 3773 quibus
762 3696 871 3771 solum,
894 3695 1007 3772 quibus
1035 3695 1170 3773 parietes
