2664 4170
481 246 742 297 nrrsrunnaun
766 246 827 297 v11.
845 247 887 297 27.
1140 237 1180 303 97

174 439 247 480 mea
274 439 337 496 quo
364 420 440 495 loco,
469 419 643 495 iungimur:
675 438 747 479 nam
772 419 851 479 mihi
875 421 994 497 primus
1022 421 1076 498 qui
1105 440 1123 481 a
1149 428 1181 481 te

174 525 347 603 proximus.
390 524 586 595 Quinetiam
607 524 640 583 in
661 525 859 585 testamentis
880 525 974 586 debes
996 526 1178 586 adnotasse:

175 629 240 689 nisi
268 630 339 706 quis
367 630 449 689 forte
477 630 620 689 alterutri
653 636 795 689 nostrum
828 631 1043 705 amicissimus,
1073 632 1180 691 eadem

142 736 281 811 rlegata
304 740 336 794 et
361 735 487 812 quidem
516 735 633 813 pariter
661 736 838 813 accipimus.
881 737 966 807 Quae
991 738 1095 797 omnia
1118 738 1180 797 hue

175 845 322 917 spectant
346 846 381 899 ut
405 840 539 899 invicem
567 841 727 901 ardentius
755 841 933 917 diligamus,
955 860 1024 900 cum
1046 847 1094 902 tot
1114 842 1213 902 vin-5

175 945 255 1005 culis
283 964 340 1005 nos
368 946 481 1020 studia,
503 965 613 1021 mores,
634 946 729 1021 fama,
752 964 897 1024 suprema
920 946 1056 1024 denique
1082 946 1179 1006 homi-

173 1070 251 1110 num
266 1051 384 1111 iudicia
397 1051 620 1128 constringant.
662 1052 749 1112 Vale.

550 1273 603 1335 ar.
632 1272 798 1352 (xxrrr.)

435 1417 467 1467 C.
490 1418 634 1469 PLINIUS
658 1417 778 1468 SURAE
803 1419 870 1470 SUO
894 1418 919 1469 S.

548 1549 610 1602 Two
622 1552 699 1614 ohost
710 1555 812 1603 scortea.

139 1693 153 1738 1
216 1685 259 1744 Et
273 1684 353 1743 mihi
368 1683 510 1744 discendi
522 1689 554 1743 et
569 1684 627 1742 tibi
642 1685 773 1744 docendi
784 1685 968 1745 facultatem
979 1685 1078 1744 otium
1093 1704 1178 1763 prae-

174 1791 238 1850 bet.
281 1789 384 1867 Igitur
408 1808 559 1867 perquam
581 1789 676 1848 velim
701 1789 788 1864 scire,
810 1809 878 1850 esse
902 1790 1124 1868 phantasmata
1145 1797 1177 1851 et

174 1896 290 1955 habere
314 1895 471 1973 propriam
500 1894 632 1971 figuram
659 1913 835 1972 numenque
863 1895 990 1972 aliquod
1018 1902 1109 1974 putes
1137 1916 1177 1956 an
1197 1909 1226 1953 10

138 2013 154 2058 2
174 2001 283 2061 inania
299 2007 331 2060 et
348 2019 430 2060 vana
447 2019 486 2059 ex
502 2005 588 2059 metu
604 2005 710 2059 nostro
731 2000 900 2075 imaginem
919 2001 1066 2078 accipere.
1109 2003 1177 2078 Ego

173 2112 211 2165 ut
231 2124 298 2166 essa
316 2106 442 2165 credam
462 2106 496 2163 in
513 2104 623 2182 primis
641 2123 677 2163 eo
694 2105 789 2164 ducor
810 2106 893 2182 quod
914 2106 1005 2165 audio
1027 2107 1177 2168 accidisse

174 2210 285 2271 Curtio
307 2211 400 2269 Rufo.
442 2211 558 2270 Tenuis
580 2210 682 2269 adhuc
703 2215 735 2268 et
756 2211 903 2270 obscurus
924 2211 1079 2271 obtinenti
1095 2211 1178 2271 Airi-

174 2335 243 2375 cam
258 2333 361 2375 comes
375 2314 534 2379 haeserat:
557 2314 707 2375 inclinato
718 2315 769 2373 die
781 2315 975 2393 spatiabatur
989 2317 1021 2374 in
1037 2317 1174 2395 porticu:

174 2420 306 2480 offertur
320 2420 349 2480 ei
364 2420 505 2480 mulieris
519 2419 619 2496 figura
632 2420 770 2480 humana
784 2420 930 2495 grandior
941 2421 1174 2500 pulchriorque:
1197 2436 1224 2480 15

174 2525 342 2603 perterrito
369 2525 512 2584 Africam
540 2543 581 2599 se,
610 2524 788 2584 futurorum
822 2525 1048 2602 praenuntiam,
1077 2527 1175 2604 dixit;

174 2631 294 2690 iturum
315 2630 399 2688 enirn
419 2631 551 2689 Romam
567 2630 762 2708 honoresque
784 2636 944 2706 gesturum
965 2637 1060 2708 atque
1081 2632 1177 2692 etiam

174 2755 244 2795 oum
268 2755 388 2796 summo
409 2736 540 2814 irnperio
561 2738 594 2796 in
615 2739 744 2798 eandem
765 2739 956 2816 provinciam
980 2757 1175 2798 reversurum

139 2853 155 2897 3
174 2841 282 2918 ibique
303 2841 496 2901 moriturum.
539 2845 636 2903 Facta
657 2850 730 2904 sunt
751 2844 863 2903 omnia.
906 2844 1072 2903 Praeterea
1095 2862 1177 2902 acce

175 2946 263 3006 denti
289 2946 509 3023 Carthaginem
531 2949 764 3026 egredientique
785 2968 864 3009 nave
886 2949 994 3008 eadem
1018 2948 1119 3022 figura
1142 2948 1176 3007 in
1194 2963 1224 3007 20

173 3052 267 3112 litore
289 3052 457 3113 occurrisse
478 3060 630 3114 narratur.
673 3054 747 3131 Ipse
768 3060 851 3114 certe
872 3053 1035 3131 inplicitus
1060 3054 1174 3129 morb0,

173 3159 284 3218 futura
314 3158 501 3236 praeteritis,
533 3160 664 3219 adversa
698 3159 842 3219 secundis
877 3165 1055 3234 auguratus,
1088 3178 1176 3237 spem

138 3263 287 3324 4salutis
315 3263 403 3322 nullo
434 3283 559 3323 suorum
588 3266 772 3342 desperante
803 3264 942 3342 proiecit.
998 3265 1067 3323 Iam
1094 3264 1176 3323 illud

173 3388 278 3428 nonne
297 3374 329 3428 et
345 3369 444 3444 magis
462 3370 602 3430 terribile
624 3376 655 3429 et
675 3391 738 3430 non
759 3371 862 3429 minus
885 3369 998 3428 mirum
1019 3375 1076 3444 est,
1092 3369 1175 3447 quod

137 3488 153 3533 o
173 3493 328 3553 exponam
352 3480 388 3533 ut
413 3476 544 3552 accepi?
594 3477 671 3534 Erat
695 3476 830 3536 Athenis
854 3475 991 3553 spatiosa
1018 3482 1050 3534 et
1078 3493 1176 3552 capax
1195 3492 1224 3537 25

173 3582 294 3654 domus,
315 3580 369 3639 sed
394 3579 522 3640 infamis
547 3586 579 3639 et
603 3581 762 3658 pestilens.
805 3581 865 3639 Per
890 3580 1051 3640 silentium
1075 3580 1176 3640 noetis

173 3705 269 3747 sonus
286 3685 373 3761 ferri,
391 3691 423 3744 et
441 3686 468 3746 si
485 3687 663 3746 attenderes
678 3686 790 3762 acrius,
813 3685 963 3763 strepitus
981 3686 1177 3744 vinculorum
