2664 4170
494 252 755 304 EPISTULARUM
779 252 829 303 ΙΙΙ,
850 254 873 306 l.

487 782 628 846 LIBER
660 782 877 848 TERTIUS.

611 1021 664 1082 ao.
694 1019 747 1100 (1.)

415 1180 446 1230 C.
471 1178 616 1228 PLINIUS
639 1178 811 1229 CALVISIO
835 1179 902 1229 SUO
926 1179 951 1230 S.

325 1327 395 1376 How
414 1325 554 1388 Spurinna
572 1332 647 1388 spem
664 1327 706 1376 tia
723 1327 789 1388 days
807 1329 836 1377 ia
854 1328 897 1376 tia
914 1329 959 1377 old
975 1342 1033 1391 ope.

140 1495 154 1539 1
216 1471 333 1532 Nescio
347 1491 388 1531 an
402 1472 503 1530 ullum
517 1472 683 1532 iucundius
698 1478 823 1549 tempus
840 1473 995 1548 exegerim
1011 1492 1104 1550 quam
1119 1493 1181 1551 quo

175 1597 277 1656 nuper
298 1578 382 1654 apud
411 1577 600 1654 Spurinnam
628 1577 685 1652 fui,
708 1577 785 1636 adeo
807 1578 933 1655 quidem
960 1584 997 1638 ut
1024 1579 1180 1638 neminem

176 1683 276 1759 magis
292 1683 325 1740 in
341 1688 510 1756 senectute,
523 1682 551 1742 si
562 1682 654 1741 modo
669 1701 829 1742 senescere
840 1683 949 1742 datum
961 1689 1017 1758 est,
1030 1684 1181 1743 aemulari

140 1788 290 1852 avelim:
313 1787 395 1845 nihil
417 1792 465 1847 est
486 1787 570 1846 enim
585 1787 641 1846 illo
656 1787 740 1847 vitae
761 1807 872 1864 genere
894 1788 1083 1847 distinctius.
1127 1791 1180 1847 Me

176 1899 282 1954 autem
297 1898 333 1951 ut
348 1897 450 1952 certus
466 1892 604 1952 siderum
624 1911 733 1952 cursus
749 1892 796 1952 ita
809 1893 876 1952 vita
895 1893 1058 1951 hominum
1079 1893 1180 1971 dispo
1199 1911 1214 1955 5

177 2000 239 2060 sita
260 1998 406 2073 delectat,
429 2017 538 2057 senum
559 1998 753 2074 praesertim.
795 2000 879 2058 Nam
901 1999 1029 2058 iuvenes
1050 2000 1181 2059 confusa

176 2105 278 2164 adhuc
298 2104 451 2181 quaedam
472 2109 505 2162 et
526 2104 616 2181 quasi
637 2104 763 2163 turbata
784 2124 846 2162 non
868 2105 1029 2179 indecent3
1053 2105 1179 2165 senibus

176 2210 302 2287 placida
324 2209 429 2268 omnia
450 2214 481 2267 et
503 2209 647 2268 ordinata
667 2210 867 2283 conveniunt,
890 2209 1002 2286 quibus
1024 2209 1180 2270 industria

140 2331 254 2389 asera,
277 2314 379 2391 turpis
401 2314 533 2372 ambitio
560 2319 615 2372 est.
659 2315 751 2373 Hanc
772 2314 911 2389 regulam
935 2314 1091 2391 Spurinna
1112 2334 1179 2374 con-

176 2419 370 2480 stantissime
393 2424 514 2494 servat3
536 2419 613 2496 quin
634 2419 729 2478 etiam
743 2438 841 2496 parva
853 2420 938 2494 haec,
954 2438 1059 2497 parva,
1076 2420 1179 2479 sinon
1200 2434 1228 2478 10

175 2525 291 2585 cotidie
318 2524 405 2598 fiant,
428 2523 536 2583 ordine
559 2524 693 2601 quodam
717 2530 749 2584 et
769 2526 857 2585 velut
884 2527 957 2588 orbe
985 2528 1176 2603 circumagit.

139 2633 270 2690 4Mane
298 2629 414 2688 lectulo
441 2629 628 2717 continetur,
652 2629 729 2688 hora
757 2632 893 2691 secunda
920 2633 1039 2692 calceos
1067 2633 1177 2710 poscit,

175 2735 316 2796 ambulat
344 2733 433 2792 milia
459 2752 608 2810 passuum
630 2735 693 2793 tria
713 2754 769 2793 nec
793 2736 897 2797 minus
925 2737 1064 2797 animum
1085 2757 1178 2814 quam

122 2856 123 2859 ’
174 2860 288 2918 corpus
303 2845 434 2899 exercet.
479 2822 512 2897 Si
533 2839 649 2898 adsunt
670 2840 769 2915 amici,
785 2841 999 2902 honestissimi
1022 2862 1178 2903 sermones

174 2946 390 3023 explicantur:
414 2943 441 3004 si
456 2963 527 3018 nou,
543 2943 622 3003 liber
643 2944 775 3020 legitur3
797 2945 955 3006 interdum
978 2948 1073 3006 etiam
1094 2967 1179 3024 prae-
1200 2961 1228 3006 15

137 3051 318 3112 csentibus
339 3049 457 3124 amicis
481 3051 508 3108 si
536 3055 642 3109 tamen
669 3050 717 3108 illi
746 3070 808 3109 non
837 3059 1012 3127 gravantur.
1056 3053 1178 3112 Deinde

174 3157 319 3231 considit,
335 3161 367 3215 et
375 3147 461 3222 'liber
475 3175 582 3215 rursus
602 3161 656 3214 aut
678 3175 777 3215 sermo
799 3157 880 3217 libro
901 3160 1018 3236 potior:
1043 3179 1116 3218 mox
1132 3179 1179 3218 ve-

174 3263 315 3323 hiculum
331 3261 482 3335 ascendit,
497 3260 635 3320 adsumit
650 3280 776 3320 uxorem
794 3262 961 3337 singularis
977 3264 1112 3342 exempli
1127 3265 1177 3323 vel

136 3370 314 3446 aaliquem
342 3366 521 3440 amicorum,
549 3371 586 3425 ut
614 3385 661 3426 me
690 3368 841 3444 proxime.
884 3370 983 3439 Quam
1012 3371 1178 3447 pulchrum

173 3474 265 3549 illud,
287 3492 382 3551 quam
410 3472 500 3531 dulce
520 3472 690 3531 secretum!
720 3479 872 3550 quantum
893 3475 938 3534 ibi
959 3476 1177 3553 antiquitatis!
1198 3488 1227 3532 20

174 3598 255 3658 quac
266 3579 360 3653 facta,
371 3597 448 3656 quos
459 3577 542 3636 viros
555 3578 663 3636 audias
675 3580 680 3636 !
703 3578 815 3655 quibus
831 3581 1005 3657 praeceptis
1022 3582 1159 3640 imbuare
1170 3584 1176 3641 1

172 3684 319 3765 quamvis
340 3683 396 3743 ille
416 3683 475 3742 hoc
496 3688 776 3759 temperamentum
797 3685 968 3744 modestiae
991 3705 1064 3746 suae
1079 3687 1179 3745 indix-
