2664 4170
451 232 711 285 rrrsrumamu
734 235 755 285 1.
775 232 799 284 c.
1105 220 1126 286 5

122 413 168 484 tu,
178 408 233 486 qui
247 408 340 468 huius
354 407 464 467 iudicii
477 407 657 482 meministi,
670 427 725 467 cur
739 407 825 468 illius
840 407 957 468 oblitus
971 427 1004 467 es
1019 408 1125 485 inquo

123 533 172 573 me
187 513 387 588 interrogasti
402 512 532 590 quidde
547 513 627 572 Meti
644 512 780 572 Modesti
799 513 915 590 pietate
931 513 1079 573 sentirem
1090 514 1123 573 ?'

122 613 288 696 Expalluit
304 618 494 692 notabiliter,
510 617 653 695 quamvis
671 617 787 695 palleat
803 637 932 696 semper,
947 624 979 677 et
993 619 1126 679 haesita

122 725 247 786 bundus
263 730 271 759 ‘
279 723 478 800 interrogavi,
491 742 553 782 non
565 729 600 782 ut
614 722 672 783 tibi
685 742 836 798 nocerem,
849 724 904 783 sed
914 729 950 782 ut
962 724 1123 784 Modesto!
1147 799 1150 805 Ι

122 830 204 890 Vide
225 829 361 890 hominis
383 829 608 904 crudelitatem,
628 829 682 906 qui
704 847 736 889 se
757 848 819 888 non
840 829 1018 890 dissimulet
1039 830 1159 889 01111115

70 953 101 997 14
121 953 232 994 nocere
247 933 392 994 voluisse.
436 933 605 994 Subiunxit
622 935 777 1010 egregiam
795 953 937 995 eausam:
962 934 1123 1012 ‘scripsit’

122 1040 227 1118 inquit
243 1039 295 1098 ‘in
309 1039 446 1117 epistula
459 1039 602 1116 quadam,
618 1057 696 1116 quae
716 1039 800 1116 apud
822 1040 1036 1100 Domitianum
1050 1040 1125 1100 reci-

122 1152 190 1206 0000
198 1150 254 1220 est,
266 1144 438 1220 “Regulus,
450 1145 589 1203 omnium
600 1144 749 1221 bipedum
760 1143 984 1222 nequissimum
993 1146 1024 1220 ’ζ’
1041 1146 1124 1222 quod

70 1251 250 1329 mquidem
270 1250 435 1309 Modestus
455 1249 618 1309 verissime
641 1249 816 1326 scripserat.
859 1249 923 1309 Hic
945 1250 1012 1309 fere
1034 1250 1123 1311 nobis

122 1355 274 1417 sermonis
291 1355 452 1416 terminus.
494 1356 609 1432 Neque
624 1355 708 1414 enim
723 1354 807 1414 volui
827 1355 971 1432 progredi
991 1354 1122 1431 longius,
1144 1367 1173 1412 10

121 1467 159 1521 ut
186 1461 265 1520 mihi
293 1461 399 1520 omnia
426 1460 525 1521 libera
549 1478 714 1535 servarem,
740 1460 813 1519 dum
843 1460 1001 1521 Mauricus
1027 1461 1121 1520 venit.

121 1568 190 1627 Nec
210 1585 260 1626 me
281 1565 431 1645 praeterit
452 1583 519 1626 esse
540 1565 697 1641 Regulum
718 1565 947 1644 δυσκαθαίρετονε
972 1572 1021 1627 est
1039 1567 1123 1626 enim

122 1672 261 1749 locuples
282 1671 442 1745 factiosus,
457 1675 584 1730 curatur
605 1689 624 1730 a
644 1670 761 1745 multis,
781 1671 910 1731 timetur
930 1690 950 1731 a
969 1671 1122 1749 pluribus,

122 1777 207 1856 quod
229 1776 411 1855 plerumque
433 1775 548 1836 fortius
570 1794 673 1835 amore
697 1781 753 1836 est.
796 1777 906 1836 Potest
928 1783 1034 1836 tamen
1054 1776 1123 1835 fieri

70 1898 101 1944 16
122 1889 158 1943 ut
182 1883 259 1943 haec
280 1900 430 1942 concussa
451 1880 604 1941 labantur.
646 1882 730 1941 Nam
755 1882 856 1958 gratia
880 1881 1033 1941 malorum
1057 1888 1123 1942 tam
1144 1896 1172 1941 10

122 1989 221 2049 infida
244 1994 293 2048 est
315 2007 408 2066 quam
431 1987 501 2066 ipsi.
544 1988 669 2063 Verum,
694 1994 730 2047 ut
754 1988 837 2047 idern
862 1987 986 2064 saepius
1010 1987 1122 2063 dicam,

122 2100 253 2172 expecto
287 2093 471 2153 Mauricum.
522 2093 580 2152 Vir
614 2099 663 2154 est
697 2093 810 2168 gravis,
838 2093 985 2170 prudens,
1014 2093 1122 2154 multis

121 2199 345 2277 experimentis
361 2200 512 2275 eruditus,
529 2206 560 2260 et
578 2200 632 2278 qui
647 2201 755 2260 futura
773 2199 874 2277 possit
888 2217 927 2258 ex
944 2199 1122 2276 praeteritis

121 2305 294 2383 providere.
337 2304 419 2365 Mihi
437 2312 468 2366 et
486 2306 662 2384 temptandi
682 2305 802 2383 aliquid
819 2310 851 2364 et
867 2304 1123 2383 quiescendi‘illo

69 2421 100 2468 17
122 2416 247 2470 auctore
270 2410 350 2470 10010
371 2411 535 2471 constabit.
578 2412 666 2471 Haec
691 2411 750 2470 tibi
775 2410 895 2488 scripsi,
917 2409 992 2488 quia
1015 2427 1122 2469 aecum
1142 2425 1172 2472 20

122 2521 190 2575 0100
211 2521 242 2575 te
264 2534 322 2593 pro
344 2534 448 2576 amore
471 2522 580 2576 mutuo
604 2535 667 2575 non
692 2515 792 2576 solum
816 2514 920 2574 omnia
944 2533 1014 2574 mea
1037 2514 1124 2574 10000

122 2619 268 2698 dictaque
290 2640 398 2681 verum
419 2620 515 2681 etiam
536 2621 668 2682 consilia
688 2639 878 2697 cognoscere.
921 2620 1007 2680 Vale.

551 2841 582 2901 ⁵·
611 2837 694 2918 (VI.)

273 2984 302 3070 (J.
323 2984 468 3036 PLINIUS
491 2984 674 3073 ¹CORNELIO
697 2984 831 3035 TACITO
854 2984 922 3036 SUO
945 2984 971 3035 S.

212 3118 282 3168 How
294 3119 376 3181 Pliny
387 3119 449 3170 took
461 3119 504 3169 bis
515 3120 655 3170 note-book
667 3120 742 3170 10100
754 3120 785 3170 be
797 3125 865 3169 meat
877 3119 1029 3181 o-bcnticp.

82 3263 98 3310 1
161 3249 302 3325 Ridebis,
328 3256 360 3310 et
384 3250 460 3310 licet
483 3251 593 3311 rideas.
636 3253 703 3327 Ego
727 3251 782 3311 ille
807 3271 899 3328 quem
923 3249 1006 3310 nosti
1031 3267 1121 3326 apros

120 3360 185 3416 tres
200 3360 232 3414 et
247 3354 373 3433 quidem
390 3355 616 3434 pulcherrimos
632 3356 709 3434 cepi.
747 3357 874 3433 ‘Ipse?'
890 3354 1002 3432 inquis.
1032 3355 1120 3431 Ipse;

120 3479 184 3519 non
208 3466 314 3520 tamen
338 3466 373 3520 ut
398 3461 523 3521 omnino
548 3463 586 3523 ab
610 3462 726 3522 inertia
748 3480 817 3521 11100
841 3467 873 3521 00
897 3460 1002 3538 quiete
1027 3458 1123 3520 disce·
1142 3469 1171 3515 21

120 3565 234 3625 darem.
278 3566 330 3626 Ad
351 3567 432 3627 retia
454 3568 615 3628 sedebam:
645 3573 712 3628 erat
732 3567 766 3625 in
787 3566 929 3644 proximo
950 3584 1010 3624 non
1033 3583 1123 3624 vena

119 3658 230 3731 bulum
259 3677 313 3731 aut
340 3671 457 3747 lancea,
481 3673 536 3733 sed
561 3674 653 3734 stilus
678 3679 710 3733 et
733 3671 919 3750 pugillares:
949 3670 1123 3730 meditabar
