2664 4170
485 251 745 302 nrrsrununuru
768 253 816 302 vr.
836 252 877 303 aa.
1139 245 1181 308 89

178 424 218 483 de
246 424 401 483 avunculo
424 425 562 485 nuntius.
606 426 694 485 Haeo
714 443 909 503 nequaquam
931 425 1065 485 historia
1086 426 1182 502 digna

177 549 242 588 non
257 529 430 606 scripturus
451 530 535 607 leges
558 536 589 589 et
606 531 674 605 tibi,
691 531 811 591 seilicet
831 532 886 607 qui
909 531 1077 608 requisisti,
1093 532 1181 610 inpu-

178 634 271 708 tabis,
286 634 315 695 si
329 634 426 711 digna
438 654 477 694 ne
492 635 628 713 epistula
641 635 766 713 quidem
782 636 978 696 videbuntur.
1022 637 1108 697 Vale.

573 865 624 926 72.
650 863 782 945 (xiix.)

309 1019 339 1073 C.
361 1021 504 1073 PLINIUS
527 1022 673 1073 FABATO
696 1023 909 1074 PROSOCERO
933 1024 1000 1074 SUO
1024 1025 1049 1078 S.

418 1169 537 1220 Aboula
550 1176 662 1232 country
674 1176 754 1222 estate
767 1172 800 1235 os
808 1172 936 1222 Fabatus

141 1328 155 1373 1
216 1313 374 1374 Debemus
402 1314 578 1374 mehercule
606 1315 727 1375 natales
751 1322 822 1376 tuos
844 1317 973 1394 perinde
995 1336 1030 1376 aa
1054 1323 1177 1379 nostros

175 1419 341 1493 eelebrare,
357 1438 424 1478 eum
445 1419 567 1486 laetitia
587 1429 763 1480 nostrorum
784 1440 823 1479 ex
844 1422 908 1481 tuis
930 1423 1073 1499 pendeat,
1089 1423 1211 1484 ouiust

139 1541 155 1585 2
175 1524 343 1599 diligentia
358 1530 389 1582 et
408 1542 482 1584 cura
502 1524 553 1584 hio
574 1524 700 1600 hilares,
716 1525 788 1585 istie
811 1527 911 1586 securi
933 1546 1039 1586 sumus
1090 1528 1178 1587 Villa

175 1628 373 1704 Camilliana,
384 1649 477 1706 quarn
489 1630 522 1688 in
533 1630 706 1708 Campania
716 1631 866 1709 possides,
879 1637 927 1692 est
936 1632 1062 1709 quidem
1076 1639 1177 1694 vetus

174 1740 240 1794 tate
255 1740 385 1810 vexata3
409 1754 446 1794 ea
466 1741 572 1794 tamen
589 1755 668 1812 quae
686 1742 760 1796 sunt
778 1737 962 1814 pretiosiora
983 1743 1038 1797 aut
1054 1739 1177 1814 integra

138 1854 154 1898 3
174 1845 303 1898 manent
331 1846 386 1898 aut
413 1839 570 1900 levissime
593 1841 678 1901 laesa
699 1847 780 1901 sunt.
822 1843 1025 1902 Attendimus
1047 1861 1119 1918 ergo
1140 1851 1176 1902 ut

173 1963 268 2021 quam
284 1944 487 2004 saluberrime
501 1945 688 2005 reficiantur.
731 1947 798 2022 Ego
813 1946 921 2006 videor
932 1947 1045 2006 habere
1059 1948 1175 2027 multos
1196 1968 1225 2014 10

173 2049 300 2123 amicoS,
313 2050 368 2108 sed
382 2050 475 2110 huius
491 2051 613 2127 generis
627 2052 716 2111 ouius
730 2058 762 2111 et
776 2058 812 2111 tu
826 2053 951 2129 quaeris
966 2060 998 2111 et
1013 2072 1061 2113 res
1077 2053 1176 2129 exigit

137 2189 154 2234 4
173 2174 270 2233 prope
284 2156 448 2215 neminem.
494 2157 574 2215 Sunt
588 2158 671 2215 enim
686 2175 793 2216 omnes
806 2158 907 2233 togati
922 2163 953 2217 et
967 2159 1094 2218 urbani:
1111 2179 1176 2219 rus-

172 2262 307 2320 tioorum
327 2266 432 2320 autem
462 2262 659 2338 praediorum
686 2262 920 2322 administratio
940 2265 1041 2340 posoit
1062 2265 1174 2323 durum

173 2367 310 2444 aliquem
333 2372 364 2425 et
385 2372 548 2443 agrestem,
567 2368 616 2426 oui
637 2386 694 2426 neo
715 2367 803 2427 labor
823 2368 877 2427 ille
899 2369 1003 2444 gravis
1024 2388 1080 2429 neo
1102 2388 1175 2428 eura

137 2491 153 2537 t
173 2472 300 2532 sordida
313 2489 370 2530 neo
384 2471 486 2531 tristis
498 2471 634 2531 solitudo
650 2473 804 2531 videatur.
847 2475 895 2532 Tu
909 2474 948 2533 de
963 2475 1049 2532 Rufo
1067 2475 1176 2534 hones·
1195 2492 1223 2537 1⁶

173 2577 295 2637 tissime
324 2577 459 2652 cogitas:
496 2577 560 2637 fuit
587 2577 670 2636 enim
698 2577 764 2637 filio
792 2584 847 2636 tuo
871 2579 1047 2638 familiaris.
1092 2579 1175 2650 Quid

172 2687 279 2741 tamen
293 2681 383 2743 nobis
402 2681 447 2740 ibi
469 2688 625 2759 praestare
647 2682 747 2760 possit
769 2683 886 2759 ignoro,
901 2683 983 2741 velle
1004 2683 1175 2760 plurimum

173 2788 274 2846 oredo,
317 2787 404 2847 Vale.

541 2914 592 2974 73.
621 2911 810 2993 (xxxin.)

420 3071 450 3122 C.
472 3071 615 3122 PLINIUS
639 3071 793 3122 ROMANO
817 3072 884 3123 SUO
908 3072 933 3122 S.

322 3221 349 3272 A
360 3221 490 3271 contested
500 3221 556 3269 will
567 3233 626 3270 eoae
638 3220 669 3269 io
681 3220 723 3270 tte
739 3219 922 3270 Centrcrnoz‘ral
939 3220 1028 3270 Gourt

138 3386 151 3429 1
214 3366 347 3426 ‘Tollite
363 3365 492 3425 ouneta'
507 3365 611 3442 inquit
627 3369 635 3400 ‘
644 3369 832 3442 ooeptosque
847 3365 969 3424 auferte
985 3365 1127 3426 labores!

173 3474 236 3534 Seu
250 3472 360 3533 scribis
376 3470 497 3548 aliquid
512 3489 566 3530 seu
587 3470 676 3546 legis,
692 3469 763 3528 tolli
785 3471 902 3529 auferri
924 3471 995 3530 iube
1017 3477 1049 3530 et
1070 3472 1174 3548 aooipe
1193 3491 1223 3535 20

172 3579 345 3639 orationem
366 3596 476 3651 meam,
497 3582 533 3635 ut
553 3575 610 3635 illa
631 3595 725 3649 arma,
742 3575 882 3634 divinam
901 3575 989 3654 (num
1011 3577 1174 3654 superbius

173 3684 262 3763 potui
271 3686 312 3765 ?),
324 3702 357 3742 re
371 3701 453 3756 vera,
467 3687 503 3741 ut
517 3681 599 3740 inter
615 3700 708 3756 meas,
720 3680 900 3758 pulchram3
922 3701 995 3741 nam
1007 3682 1085 3740 mihi
1097 3682 1173 3742 satis
