2664 4170
478 273 739 324 nrrsrunaaou
762 275 810 324 nr.
832 275 871 326 ro.
1109 262 1172 327 111

579 492 632 552 91.
661 490 763 569 (VII.)
926 498 972 551 ν’

411 649 440 699 c.
466 650 610 700 PLINIUS
635 650 791 700 ROMANO
814 650 882 701 SUO
907 650 932 700 s.

237 794 359 860 Troqedy
371 797 426 847 ond
441 795 563 859 Comedy,
575 798 679 860 Pliny’s
690 799 771 847 uillas
784 812 819 848 oc
831 799 873 848 tta
886 799 960 848 Lake
973 800 1004 862 os
1016 799 1105 850 Gomo.

138 961 152 1006 1
215 941 388 1001 Aedificare
409 946 441 1001 te
463 942 580 1002 scribis.
623 943 707 1001 Bene
729 948 793 1003 est:
820 943 928 1002 inveni
949 944 1173 1022 patrocinium,

173 1047 302 1106 aedifico
316 1046 399 1105 enirn
414 1047 476 1106 iam
491 1047 620 1123 ratione,
635 1048 709 1125 quia
722 1053 832 1107 tecum.
875 1050 958 1108 Nam
977 1049 1036 1108 hoc
1053 1069 1175 1127 quoque

173 1171 236 1211 non
257 1151 421 1227 dissimile,
443 1153 526 1229 quod
548 1153 587 1211 ad
608 1171 692 1212 mare
713 1158 758 1227 tu,
774 1172 830 1228 ego
851 1154 892 1214 ad
913 1154 1041 1214 Larium
1063 1155 1173 1214 lacum.

138 1274 152 1318 2
173 1257 278 1317 Huius
296 1257 330 1316 in
348 1258 440 1316 litore
461 1257 565 1334 plures
580 1257 675 1317 villae
696 1276 792 1334 meae,
808 1259 864 1318 sed
884 1260 963 1320 duae
984 1259 1119 1320 maxime
1140 1266 1176 1321 ut

173 1363 330 1422 delectant
363 1362 410 1421 ia
443 1367 595 1421 exercent.
652 1362 764 1422 Altera
797 1364 936 1441 inposita
973 1366 1057 1426 saxis
1091 1378 1210 1425 mores

173 1468 292 1527 Baiano
311 1467 413 1526 lacurn
430 1467 591 1544 prospicit,
606 1468 706 1527 altera
719 1487 816 1546 aeque
831 1488 916 1528 more
938 1471 1056 1530 Baiano
1073 1471 1176 1530 lacum

138 1586 152 1631 3
173 1573 283 1648 tangit.
326 1573 438 1651 Itaque
453 1573 541 1632 illam
555 1573 769 1649 Tragoediam,
784 1574 865 1633 hanc
880 1575 1038 1652 appellare
1053 1576 1177 1636 0011100

125 1682 134 1749 ζ
173 1679 258 1737 diam
287 1678 387 1753 soleo,
423 1678 520 1752 illam,
549 1678 633 1755 quod
657 1679 747 1754 quasi
776 1680 946 1754 cothurnis,
975 1681 1063 1756 hanc,
1093 1681 1177 1758 quod

173 1783 263 1860 quasi
278 1782 408 1843 socculis
424 1783 604 1843 sustinetur.
650 1784 712 1843 Sua
726 1783 851 1860 utrique
863 1785 1035 1845 amoenitas
1049 1790 1081 1844 et
1094 1792 1177 1845 utra·

136 1901 232 1966 sque
261 1888 434 1966 possidenti
462 1889 532 1966 ipse
557 1888 741 1948 diversitate
766 1888 938 1948 iucundior.
991 1891 1078 1950 Haec
1106 1891 1225 1951 laculo

172 1994 310 2071 propius,
328 1993 385 2052 illa
405 1994 500 2053 latius
522 1994 638 2053 utitur:
662 1995 738 2054 haec
758 2014 856 2053 unum
878 1995 978 2054 sinum
1002 1995 1090 2054 molli
1112 2015 1177 2055 cur-

172 2099 297 2159 vamine
318 2098 527 2176 amplectitur,
550 2098 607 2158 1110
629 2099 804 2159 editissimo
827 2099 918 2158 dorso
939 2100 1017 2160 duos
1039 2100 1174 2159 dirimit:

172 2205 347 2264 1111010010
372 2205 504 2279 gestatio
529 2204 622 2281 longo
647 2205 748 2264 limite
774 2225 866 2283 super
891 2205 967 2265 litus
989 2206 1176 2281 extenditur,

90 2349 95 2359 -
172 2310 223 2369 hic
251 2309 479 2387 spatiosissimo
506 2315 600 2387 xysto
629 2310 742 2369 leviter
766 2310 953 2370 inflectitur:
984 2311 1040 2370 illa
1064 2310 1175 2370 fluctus

172 2434 235 2474 non
260 2415 366 2490 sentit,
391 2415 468 2474 haec
493 2414 631 2490 frangit:
665 2433 704 2474 ex
728 2415 785 2475 illa
812 2415 913 2493 possis
939 2416 1092 2493 dispicere
1116 2416 1224 2493 pis-15

172 2527 288 2596 cantes,
314 2539 352 2605 011
377 2520 435 2579 hac
460 2519 527 2597 ipse
553 2519 667 2597 piscari
692 2520 880 2598 hamumque
906 2520 944 2578 de
972 2520 1114 2580 cubiculo
1141 2539 1176 2580 ac

173 2645 270 2704 paene
292 2625 387 2685 etiam
409 2625 447 2684 de
470 2624 585 2684 lectulo
605 2630 642 2684 ut
663 2643 679 2683 0
700 2624 835 2684 naucula
855 2625 963 2684 iacere.
1006 2626 1076 2684 Hac
1098 2626 1176 2685 mihi

172 2749 283 2791 causae
296 2731 423 2808 utrique
438 2749 517 2807 quae
532 2730 646 2790 desunt
666 2730 850 2789 adstruendi
865 2730 904 2789 ob
922 2748 958 2789 00
974 2748 1053 2808 quae
1073 2750 1177 2808 super·

136 2842 254 2895 nsunt.
309 2835 371 2895 Sed
399 2835 476 2912 quid
503 2853 560 2911 ego
588 2835 740 2894 rationem
769 2834 856 2895 tibi?
892 2835 976 2913 apud
1004 2853 1095 2912 quem
1120 2855 1177 2913 pro

172 2940 292 3001 ratione
307 2941 367 3001 erit
381 2940 465 3000 idem
479 2940 590 3000 facere.
633 2940 720 3001 Vale.
1035 2959 1038 2965 ·
1195 2958 1225 3004 oo

600 3157 652 3217 92.
683 3153 751 3235 (x.)

424 3315 453 3366 C.
479 3315 623 3366 PLINIUS
646 3315 780 3366 TACITO
804 3315 871 3367 SUO
896 3316 922 3366 S.

283 3462 374 3513 About
386 3463 538 3525 combininp
550 3462 593 3512 the
605 3463 703 3512 0010100
716 3463 748 3525 os
756 3462 880 3513 Minerva
892 3464 947 3513 ond
958 3463 1061 3514 Diana.

138 3622 151 3666 1
213 3608 314 3686 Cupio
338 3607 512 3686 praeceptis
533 3607 598 3668 tuis
619 3626 744 3685 parere,
775 3608 830 3668 sed
851 3627 995 3686 aprorum
1016 3614 1107 3669 tanta
1126 3627 1176 3686 pe-

173 3715 265 3781 nuria
278 3720 326 3781 est
339 3719 376 3781 ut
393 3713 555 3780 Minervae
571 3721 604 3780 01
624 3713 755 3794 Dianae,
770 3732 848 3797 quas
869 3714 916 3775 ais
937 3714 1055 3799 pariter
1077 3714 1176 3776 colen-
