2664 4170
484 220 748 271 mnswmnum
771 221 821 270 v1.
839 221 863 272 c.
1133 203 1174 269 79

170 393 354 455 memineris
375 393 586 454 commendari
605 392 666 454 tibi
685 412 703 453 a
721 412 770 453 me
787 413 851 452 non
865 393 989 453 arbores
1004 397 1036 451 et
1048 397 1174 465 terram,

171 518 364 578 quamquam
384 499 461 559 haec
482 518 614 577 quoque,
633 500 687 559 sed
709 499 928 558 munusculum
950 516 1069 572 meum3
1092 494 1176 574 quod

172 625 241 666 esse
254 623 348 683 quam
358 605 646 665 fructuosissimum
661 624 724 664 non
738 604 825 664 illius
840 603 939 680 magis
953 602 1086 662 interest
1096 619 1175 679 quae

173 710 296 788 accepit
311 728 404 788 quam
418 727 488 769 mea
502 709 556 787 qui
571 709 652 768 dedi.
695 708 782 770 Vale.

592 929 645 990 os.
675 927 759 1008 (m.)

362 1075 392 1126 C.
416 1073 558 1124 PLINIUS
582 1073 819 1124 CALPURNIAE
843 1073 939 1124 SUAE
963 1072 988 1123 S.

495 1210 584 1259 Lector
595 1215 622 1260 to
634 1209 676 1259 tis
687 1209 781 1259 absent
792 1210 859 1271 wtse.

139 1361 152 1406 1
215 1344 397 1419 Numquam
413 1361 481 1402 sum
496 1341 595 1416 magis
610 1341 649 1400 de
663 1340 919 1417 occupationibus
938 1340 1016 1400 meis
1037 1344 1176 1418 questus,
1198 1350 1213 1396 t

175 1466 255 1527 quae
270 1466 396 1507 menon
411 1453 484 1506 sunt
499 1463 609 1522 passae
620 1451 674 1505 aut
685 1445 932 1523 proficiscentem
944 1450 976 1504 te
988 1445 1177 1505 valetudinis

174 1571 271 1613 causa
291 1552 325 1611 in
346 1551 549 1629 Campaniam
570 1550 718 1629 prosequi
738 1558 793 1611 aut
814 1551 987 1627 profectam
1009 1550 1178 1625 evestigio

138 1677 154 1721 2
175 1658 332 1736 subsequi.
375 1658 468 1716 Nunc
483 1656 567 1716 enim
581 1656 746 1734 praecipue
767 1656 860 1715 simul
875 1675 942 1716 esse
957 1656 1128 1733 cupiebam,
1143 1661 1179 1715 ut

175 1764 277 1824 oculis
291 1763 368 1823 meis
383 1763 540 1822 crederem
556 1762 632 1840 quid
646 1762 775 1836 viribus,
791 1762 868 1839 quid
887 1761 1069 1839 corpusculo
1088 1762 1179 1838 adpa

175 1887 271 1943 nares,
300 1868 411 1946 ecquid
439 1867 574 1945 denique
602 1886 741 1927 secessus
770 1867 949 1944 voluptates
981 1866 1179 1944 regionisque
1201 1877 1229 1923 ιο

138 1973 401 2035 tabundantiam
428 1972 583 2032 inoffensa
610 1972 848 2032 transmitteres.
899 1972 1054 2049 Equidem
1083 1971 1178 2031 etiam

175 2081 292 2139 fortem
306 2084 338 2138 te
352 2097 414 2137 non
427 2078 493 2137 sine
504 2096 579 2137 cura
588 2077 815 2152 desiderarem
838 2083 887 2138 est
898 2077 981 2136 enim
993 2096 1179 2155 suspensum

175 2191 209 2244 et
234 2183 361 2243 anxium
385 2183 424 2242 de
448 2201 484 2240 eo
508 2201 602 2261 quem
630 2183 849 2243 ardentissime
878 2182 992 2257 diligas
1020 2182 1178 2242 interdum

139 2306 155 2350 4
176 2289 258 2349 nihil
274 2289 367 2348 scire:
390 2306 473 2347 nnnc
486 2307 560 2347 vero
574 2307 623 2348 me
638 2307 708 2347 eum
723 2288 882 2348 absentiae
902 2295 969 2347 tum
984 2286 1179 2348 infirmitatis

176 2400 250 2454 tuae
264 2393 345 2453 ratio
359 2392 478 2452 ineerta
492 2399 524 2452 et
537 2393 625 2453 varia
643 2393 855 2453 sollicitudine
875 2399 1020 2453 exterret.
1063 2394 1179 2455 Vereor
1201 2406 1228 2451 15

176 2499 292 2574 omnia,
306 2498 460 2576 imaginor
479 2498 592 2573 omnia,
610 2517 750 2576 quaeque
771 2505 885 2558 natura
905 2505 1098 2559 metuentum
1121 2506 1178 2574 est,

142 2624 214 2668 tea
235 2604 369 2664 maxime
390 2603 469 2662 mihi
490 2621 570 2681 quae
591 2603 725 2662 maxime
745 2604 906 2662 abominor
920 2603 1011 2679 fingo.
1054 2605 1120 2674 Quo
1135 2604 1179 2663 in-

177 2708 306 2788 pensius
320 2725 394 2784 rogo
408 2714 444 2768 ut
457 2708 564 2768 timori
579 2727 647 2766 meo
657 2708 772 2767 cotidie
784 2709 917 2784 singulis
931 2708 979 2767 vel
991 2708 1085 2767 etiam
1096 2709 1179 2768 binis

178 2813 323 2893 epistulis
337 2813 490 2873 consulas.
533 2815 596 2872 Ero
610 2813 694 2871 enim
716 2812 860 2888 securior,
877 2814 951 2872 dum
966 2813 1045 2889 lego,
1061 2814 1180 2885 statim-

177 2937 239 2997 que
252 2919 378 2994 timebo,
393 2937 463 2978 oum
478 2919 589 2994 legero.
632 2918 719 2979 Vale.
1198 2932 1228 2977 co

596 3141 647 3200 eo.
676 3136 760 3219 (vi.)

408 3285 437 3336 C.
464 3285 607 3335 PLINIUS
630 3285 804 3335 FUNDANO
828 3284 896 3335 SUO
919 3286 947 3336 S.

244 3420 397 3470 Fundanus
410 3421 432 3468 is
444 3419 525 3469 osted
536 3420 651 3481 tosavor
663 3419 704 3468 the
717 3419 862 3481 candidata
875 3421 907 3482 os
919 3419 1014 3469 Julius
1028 3419 1110 3470 Naso.

143 3577 156 3621 1
191 3611 193 3617 ,
219 3552 253 3612 Si
275 3553 408 3630 quando,
424 3570 506 3610 nuno
527 3551 692 3628 praecipue
712 3568 856 3627 cuperem
876 3569 944 3611 esse
959 3557 990 3610 te
1005 3553 1132 3627 Romae,
1147 3557 1179 3612 et

177 3657 222 3718 sis
244 3675 325 3734 rogo.
369 3655 456 3734 Opus
471 3661 518 3715 est
532 3655 611 3714 mihi
625 3654 692 3714 voti
709 3655 826 3714 laboris
846 3654 1069 3719 sollicitudinis
1087 3657 1176 3717 socio.
