2664 4170
195 279 214 342 8
610 289 639 338 c.
660 289 761 338 rimu

193 480 272 539 quae
298 460 490 538 sapientibus
515 480 571 537 pro
595 461 780 521 necessitate
804 467 861 536 est,
883 462 924 520 ad
947 462 1006 522 boc
1030 463 1196 524 consilium

192 567 352 644 compulit,
369 584 556 643 quamquam
574 565 725 643 plurimas
743 566 867 625 vivendi
887 586 996 627 causas
1018 568 1194 643 habentem,

113 720 116 728 .
192 672 342 749 optimam
357 671 587 745 conscientiam,
604 671 753 748 optimam
768 672 893 746 famam,
908 672 1079 733 maximam
1095 681 1195 733 aucto

192 777 325 852 ritatem,
342 781 503 854 praeterea
521 775 621 835 filiam
641 795 768 834 uxorem
786 782 931 854 nepotem
949 796 1080 854 sorores,
1104 780 1194 838 inter-

157 897 171 940 5
192 901 252 959 que
266 888 313 941 tot
328 882 459 959 pignora
471 899 561 940 veros
576 881 699 940 amicos.
744 881 804 940 Sed
818 887 883 940 tam
894 882 996 957 longa,
1008 888 1074 942 tam
1087 884 1194 962 iniqua
1210 894 1223 938 4

191 987 371 1046 valetudine
396 985 633 1045 conflictabatur
656 992 692 1044 ut
720 985 796 1045 haec
823 992 913 1046 tanta
939 987 1042 1064 pretia
1065 989 1193 1049 vivendi

190 1092 300 1151 mortis
338 1092 511 1151 rationibus
549 1091 754 1150 vincerentur.
818 1092 924 1150 Tertio
961 1102 993 1151 ct
1034 1094 1193 1154 tricesimo

191 1216 281 1271 anno,
303 1202 339 1255 ut
360 1197 463 1274 ipsum
489 1196 660 1270 audiebam,
683 1197 798 1273 pedum
822 1196 927 1256 dolore
949 1204 1112 1276 correptus
1137 1207 1189 1260 est.

190 1302 316 1361 Patrius
337 1301 388 1360 hio
408 1301 473 1360 illi:
496 1320 568 1360 uam
582 1301 764 1379 plerumque
786 1303 886 1362 morbi
908 1322 1030 1381 quoque
1052 1323 1108 1381 per
1130 1324 1193 1365 suc

141 1424 170 1468 10
190 1408 344 1468 cessiones
360 1407 520 1484 quasdam,
536 1406 656 1480 utalia,
672 1407 847 1466 traduntur.
890 1408 985 1467 Hunc
1000 1409 1192 1470 abstinentia
1208 1422 1221 1466 5

190 1513 367 1586 sanctitate,
385 1512 487 1589 quoad
505 1511 615 1571 viridis
635 1517 730 1583 aetas,
746 1512 823 1571 vicit
839 1519 870 1572 et
886 1513 999 1589 fregit,
1021 1515 1191 1576 novissime

190 1637 259 1677 cum
282 1622 440 1676 senectute
462 1617 728 1693 ingravescentem
747 1602 866 1677 viribus
886 1619 984 1678 animi
1005 1621 1190 1697 sustinebat,

189 1742 259 1782 oum
284 1723 411 1800 quidem
435 1723 629 1782 incredibilis
654 1723 810 1782 cruciatus
833 1729 865 1783 et
889 1723 1112 1799 indignissima
1134 1734 1222 1787 tor-6

189 1834 294 1887 menta
313 1834 479 1905 pateretur.
522 1829 592 1887 Iam
612 1828 695 1886 euim
715 1829 802 1887 dolor
820 1848 882 1888 non
900 1829 1032 1906 pedibus
1052 1830 1139 1906 solis,
1157 1838 1192 1892 ut

141 1951 168 1995 15
189 1935 284 2011 prius,
295 1933 452 1993 insidebat
464 1935 517 1994 sed
529 1933 633 1992 omnia
644 1934 783 1993 membra
791 1935 1025 2011 pervagabatur.
1060 1937 1144 1997 Veni
1153 1939 1192 1998 ad

188 2058 257 2098 eum
273 2039 446 2098 Domitiani
459 2039 649 2116 temporibus
660 2039 693 2096 in
706 2039 881 2099 suburbano
895 2040 1056 2100 iacentem.
1101 2043 1191 2102 Servi
1208 2052 1221 2098 v

188 2163 204 2203 e
226 2143 368 2204 cubiculo
390 2149 598 2203 recesserunt:
622 2143 757 2204 habebat
778 2145 835 2204 hoc
857 2145 960 2219 moris,
979 2147 1127 2222 quotiens
1149 2149 1192 2207 in-

187 2255 302 2323 trasset
313 2249 435 2307 fidelior
447 2249 579 2323 amicus3
595 2249 778 2326 quinetiam
788 2270 874 2324 uxor,
888 2270 1074 2328 quamquam
1088 2255 1190 2314 omnis

188 2355 299 2414 secreti
315 2354 526 2431 capacissima,
540 2355 780 2429 digrediebatur.
824 2356 1023 2415 Circumtulit
1037 2358 1144 2419 oculos
1160 2366 1191 2419 et
1209 2367 1222 2412 8

138 2477 168 2522 20
188 2461 276 2520 ‘cur'
291 2460 396 2538 inquit
411 2464 475 2519 ‘me
495 2466 588 2537 putas
607 2460 663 2520 hos
681 2466 785 2520 tantos
804 2461 924 2521 dolores
940 2467 1004 2520 tam
1023 2462 1079 2522 diu
1098 2466 1191 2526 susti·

186 2568 285 2625 nere?
306 2571 342 2624 ut
360 2564 480 2625 scilicet
499 2565 553 2625 isti
573 2564 687 2624 latroni
702 2565 752 2623 vel
772 2586 834 2625 uno
849 2566 899 2625 die
915 2567 1088 2645 supersim!
1131 2571 1192 2630 De-

187 2671 287 2731 disses
315 2671 388 2729 huic
416 2670 519 2729 animo
547 2689 603 2747 par
632 2689 752 2748 corpus,
782 2671 842 2730 fci
878 2677 909 2730 et
937 2673 1020 2749 quod
1048 2676 1189 2751 optabat.

187 2776 302 2835 Adfuit
313 2782 418 2835 tamen
432 2775 508 2834 deus
518 2780 600 2850 voto,
613 2776 700 2835 cuius
715 2775 769 2834 ille
785 2690 919 2854 office,
934 2784 970 2836 ut
984 2777 1047 2837 iam
1062 2798 1191 2842 securus

186 2880 326 2958 liberque
348 2880 525 2954 moriturus,
547 2880 648 2939 multa
671 2881 727 2940 illa
747 2881 831 2940 vitae
855 2883 909 2941 sed
934 2882 1055 2943 minora
1076 2886 1192 2947 retina

137 3003 166 3048 25
186 2986 256 3046 cula
283 2986 416 3063 abrupit.
470 2987 648 3045 Increverat
676 2987 831 3062 valetudo,
861 3007 954 3064 quam
981 2993 1224 3075 temperantiae

186 3091 330 3167 mitigare
345 3091 522 3168 temptavit,
538 3098 788 3168 perseverantem
802 3093 979 3153 constantia
993 3095 1085 3170 fugit.
1118 3097 1189 3157 Iam

186 3196 253 3256 dies
269 3196 348 3255 alter
361 3196 474 3256 tertius
494 3202 640 3273 quartus:
664 3197 840 3256 abstinebat
856 3199 958 3269 cibos
976 3199 1067 3260 Misit
1084 3202 1125 3260 ad
1138 3221 1189 3262 me

184 3320 264 3360 uxor
291 3301 357 3360 eius
386 3301 536 3379 Hispulla
564 3320 756 3360 communem
783 3303 917 3362 amicum
946 3304 978 3365 C.
1006 3306 1190 3367 Geminium

186 3426 256 3466 cum
284 3406 464 3466 tristissimo
487 3406 606 3481 nuntio,
631 3407 804 3466 destinasse
829 3409 999 3468 Corellium
1027 3411 1189 3472 morinco

138 3528 168 3573 30
186 3515 241 3571 aut
262 3511 326 3571 suis
348 3518 402 3571 aut
420 3511 504 3571 filiae
526 3512 668 3589 precibus
688 3512 781 3586 flecti,
798 3514 897 3572 solum
917 3535 1079 3593 superesse
1100 3535 1150 3577 me
1170 3536 1190 3578 a

186 3635 247 3693 quo
265 3617 403 3676 revocari
425 3623 529 3694 posset
550 3618 716 3677 advitam.
760 3618 906 3679 Cucurri:
929 3639 1132 3698 perveneram
1153 3623 1234 3682 11110

186 3721 372 3798 proximum,
388 3740 458 3781 cum
480 3722 558 3782 mihi
579 3724 617 3782 ab
637 3724 745 3783 eadem
766 3723 918 3801 Hispulla
937 3726 1039 3788 Iulius
1058 3727 1188 3789 Atticus
