2664 4170
129 268 192 331 104
552 279 582 330 c.
603 279 701 329 emm

127 451 296 528 mitigetur.
352 453 527 526 Praeterea,
550 450 577 511 si
602 451 694 511 datur
721 451 859 511 Homero
887 457 921 511 et
950 452 1061 512 mollia
1082 471 1125 511 vo

127 557 238 617 oabula
256 562 289 616 et
308 558 426 617 Graeca
446 557 487 616 ad
507 556 670 616 levitatem
690 575 799 617 versus
818 557 1014 633 contrahere,
1030 563 1123 617 exten-

128 664 209 738 dere,
225 661 392 736 infleotere,
412 680 467 720 our
481 662 540 721 tibi
558 661 672 722 similis
689 662 846 737 audentia,
861 664 1051 740 praesertim
1070 682 1124 722 non

128 769 262 828 delicata
277 768 331 827 sed
349 767 532 841 neeessaria,
548 786 610 825 non
627 767 745 827 detur?
785 767 923 826 Proinde
942 768 1010 827 iure
1024 776 1121 828 vatum
1138 776 1148 820 5

92 888 107 931 e
127 874 280 934 invocatis
302 874 360 947 dis,
382 878 414 932 et
435 873 518 931 inter
539 891 591 931 eos
612 872 681 949 ipso
702 872 790 933 ouius
812 891 861 933 res
882 892 981 950 opera
1001 874 1123 935 oonsiiia

128 980 268 1039 dicturus
288 997 330 1055 ee,
348 979 484 1038 immitte
504 978 660 1054 rudentes,
680 979 782 1056 pande
801 978 881 1054 vela,
899 998 936 1039 ao
959 979 986 1039 si
1008 981 1123 1058 quando

128 1085 215 1160 alias,
237 1090 303 1144 toto
328 1084 453 1158 ingenio
474 1082 595 1142 vehere.
651 1084 714 1144 Cur
736 1083 820 1142 enim
841 1102 905 1143 non
928 1102 986 1160 ego
1010 1102 1123 1162 quoqne

127 1189 248 1267 poetice
276 1208 346 1248 oum
373 1192 491 1266 poeta?
532 1189 620 1248 illud
643 1189 706 1248 iam
733 1207 816 1248 nuno
843 1188 1002 1266 paoisoor:
1033 1191 1148 1268 primass

128 1313 269 1372 quaeque
290 1300 325 1353 ut
346 1293 525 1369 absolveris,
548 1293 676 1368 mittito,
698 1293 793 1353 immo
817 1293 925 1354 etiam·
939 1301 1014 1354 ante
1040 1314 1125 1372 quam

80 1414 108 1459 10
128 1401 280 1475 absolvas
303 1400 383 1460 siout
405 1405 496 1458 erunt
517 1400 655 1459 recentia
673 1405 705 1460 et
725 1400 817 1459 rudia
838 1404 870 1459 et
886 1401 995 1460 adhuc
1018 1402 1126 1461 similia

127 1506 335 1566 nascentibus.
391 1505 608 1582 Respondebis
631 1524 695 1564 non
718 1523 808 1582 posse
838 1505 970 1582 perinde
998 1507 1151 1584 carpth

127 1616 163 1670 ut
185 1616 340 1685 contexta,
363 1610 493 1687 perinde
515 1610 661 1670 inoohata
682 1610 804 1688 plaeere
826 1616 863 1669 ut
886 1611 1007 1671 effecta
1053 1613 1125 1673 Soio.

128 1717 240 1792 Itaque
266 1722 298 1775 et
322 1735 341 1775 a
365 1734 413 1774 me
434 1715 682 1775 aestimabuntur
703 1721 739 1774 ut
763 1720 881 1792 coepta,
905 1717 1128 1793 spectabuntur

127 1827 164 1880 ut
190 1822 329 1881 membra
356 1827 589 1897 extremamque
616 1821 725 1880 limam
752 1827 839 1880 tuam
867 1822 1073 1898 opperientur
1100 1824 1130 1881 in

80 1945 108 1990 15
128 1927 243 1986 scrinio
256 1933 370 1986 nostro.
412 1927 525 1985 Patere
540 1926 599 1984 hoo
615 1944 665 1984 me
685 1944 778 2003 super
794 1931 898 1986 oetera
917 1926 1034 1986 habere
1054 1947 1132 1988 arno

128 2032 171 2092 ris
189 2032 236 2090 tui
255 2032 369 2109 pignus
388 2037 424 2090 ut
439 2050 475 2091 ea
493 2049 616 2108 quoque
636 2031 736 2090 norim
758 2049 838 2108 quae
859 2050 952 2092 nosse
973 2033 1133 2092 neminem

128 2137 234 2196 velles,
288 2137 327 2195 In
351 2154 479 2211 summa,
503 2141 611 2213 potero
638 2136 773 2196 fortasse
801 2136 920 2213 soripta
944 2142 1005 2197 tua
1033 2139 1166 2215 magist

128 2242 258 2318 probare
293 2241 429 2314 laudare,
461 2246 577 2317 quanto
612 2240 669 2300 iila
695 2240 816 2299 tardius
851 2240 1049 2319 oautiusque‚
1082 2244 1137 2303 sed

127 2346 231 2423 ipsum
245 2353 276 2406 te
291 2346 390 2420 magis
405 2346 513 2405 amabo
529 2345 689 2422 magisque
703 2345 846 2422 iaudab0,
862 2350 982 2423 quanto
999 2347 1138 2409 celerius

79 2467 108 2512 ao
128 2457 160 2512 et
173 2451 331 2511 inoautius
348 2451 478 2511 miseris.
520 2450 607 2511 Vade.

533 2663 586 2724 ss.
615 2660 718 2742 (vn.)

379 2820 408 2872 O.
432 2820 576 2871 PLINIUS
598 2820 732 2871 TAOITO
756 2819 823 2871 SUO
847 2820 873 2871 S.

215 2956 323 3008 Tacitus
335 2957 384 3006 bos
396 2961 454 3006 sent
465 2970 515 3005 one
528 2956 560 3018 os
568 2956 610 3005 bio
623 2956 704 3005 books
719 2961 745 3006 to
758 2956 841 3017 Pliny
847 2953 897 3018 sor
908 2956 1046 3006 criticism.

166 3089 278 3166 Neque
292 3094 329 3148 ut
343 3088 492 3164 magistro
506 3087 656 3162 magister
670 3106 771 3164 neque
782 3093 818 3146 ut
828 3087 984 3164 disoipulo
996 3089 1142 3170 discipu·
1163 3113 1175 3157 1

127 3194 177 3254 lus
194 3193 252 3272 (sio
270 3194 353 3253 enim
371 3194 505 3275 scribis),
522 3193 576 3252 sed
594 3199 631 3252 ut
650 3191 806 3270 discipulo
823 3193 972 3266 magister
990 3193 1082 3271 (nam
1101 3203 1140 3258 tu

127 3299 284 3374 magister,
301 3318 356 3374 ego
370 3305 492 3374 eontra;
516 3303 608 3374 atque
630 3299 706 3357 adeo
727 3305 763 3356 tu
785 3299 818 3357 in
836 3298 974 3358 scholam
992 3318 1138 3379 revocas,

128 3422 184 3479 ego
200 3404 301 3463 adhue
316 3404 495 3463 Saturnalia
511 3403 658 3483 extendo)
675 3402 790 3462 librum
807 3403 930 3463 misisti.
973 3404 1063 3463 Num
1083 3427 1140 3484 po-
1160 3428 1175 3472 2

79 3520 107 3565 25
128 3509 176 3568 tui
190 3509 314 3584 longius
328 3509 522 3586 hyperbaton
538 3510 640 3567 faeere
655 3513 749 3584 atque
763 3508 821 3566 hoo
832 3508 900 3585 ipso
912 3509 1044 3585 probare
1059 3530 1138 3573 eum

128 3632 195 3674 esse
216 3633 265 3673 me
287 3614 422 3690 quinon
443 3614 534 3673 modo
555 3614 704 3688 magister
724 3618 797 3673 tuus
820 3614 874 3673 sed
895 3632 933 3672 ne
955 3613 1137 3692 disciprilus

129 3719 254 3796 quidem
270 3719 399 3779 debeam
413 3719 501 3779 diei?
543 3720 670 3779 Sumam
684 3724 790 3777 tamen
804 3737 966 3796 personam
984 3720 1138 3798 magistri
