2664 4170
479 244 740 296 nrrsrunnuon
763 244 813 294 v1.
835 245 875 295 ro.
1138 229 1179 294 83

574 484 626 546 ro.
655 482 771 561 (xvi.)

424 643 454 693 C.
480 643 624 692 PLINIUS
647 641 781 692 TAClTO
804 642 872 692 SUO
896 641 922 692 S.

212 788 284 841 How
302 791 385 852 Pliny
402 790 444 840 tlte
463 791 547 839 Elder
559 789 685 852 peristed
703 791 732 839 in
750 790 792 839 tte
810 791 932 851 eruption
950 790 983 851 os
1001 787 1136 839 Vesuvius.

138 955 151 999 1
213 937 303 996 Petis
317 941 354 995 ut
368 936 428 995 tibi
450 934 596 995 avunculi
617 936 678 994 mei
698 935 817 994 exitum
840 935 981 1009 scribam,
997 953 1058 1010 quo
1072 934 1177 994 verius

172 1043 298 1102 tradere
317 1041 450 1118 posteris
471 1041 582 1118 possis
626 1041 753 1101 Gratias
774 1059 847 1114 ago:
877 1058 947 1099 nam
971 1039 1062 1098 video
1083 1039 1177 1098 morti

173 1147 252 1221 eius,
268 1146 296 1206 si
310 1146 483 1205 celebretur
497 1164 517 1205 a
530 1151 571 1218 tc,
587 1145 784 1204 inmortalem
800 1145 931 1220 gloriam
953 1163 1020 1204 esse
1040 1144 1178 1222 proposi-

138 1273 153 1316 2
172 1259 248 1318 tam.
292 1252 441 1321 Quamvis
456 1251 538 1310 enim
554 1250 835 1327 pulcherrimarum
855 1249 943 1310 clade
964 1256 1126 1325 terrarum,
1142 1256 1178 1310 ut

173 1358 293 1436 populi,
308 1362 345 1415 ut
361 1357 463 1429 urbes,
479 1355 672 1418 memorabili
694 1374 768 1415 casu
789 1356 879 1432 quasi
901 1373 1022 1432 semper
1037 1356 1177 1416 victurus
1196 1369 1211 1413 o

174 1462 333 1535 occiderit,
349 1461 492 1538 quamvis
507 1461 575 1537 ipse
589 1460 725 1538 plurima
741 1466 835 1539 op'era
856 1467 888 1520 et
909 1480 1055 1520 mansura
1076 1461 1179 1520 condi-

174 1568 275 1641 derit3
297 1566 432 1625 multum
442 1572 548 1625 tamen
560 1566 763 1643 perpetuitati
775 1567 842 1626 eius
854 1567 1042 1643 scriptorum
1052 1573 1175 1625 tuorum

140 1696 155 1740 3
175 1673 346 1733 aeternitas
368 1672 470 1730 addet.
514 1670 668 1747 Equidem
690 1671 797 1730 beatos
819 1677 895 1748 puto
917 1671 1029 1748 quibus
1051 1671 1179 1730 deornm

174 1795 303 1837 munere
338 1777 446 1835 datum
481 1782 530 1836 est
558 1782 613 1836 aut
641 1777 744 1835 facere
772 1776 935 1836 scribenda
962 1782 1017 1835 aut
1045 1776 1178 1837 scribere

175 1883 317 1958 legenda,
333 1881 531 1941 beatissimos
554 1899 627 1939 vero
648 1881 762 1958 quibus
784 1887 958 1958 utrumque.
1002 1882 1124 1940 Horum
1145 1883 1178 1940 in
1199 1896 1228 1942 10

175 2007 305 2049 numero
327 1987 500 2048 avunculus
522 2006 609 2055 meus
631 1993 662 2046 ct
684 1986 749 2046 suis
771 1987 861 2046 libris
876 1992 908 2045 et
921 1987 986 2046 tuis
1000 1987 1068 2046 erit.
1112 1988 1179 2057 Quo

139 2111 155 2155 4
175 2095 327 2154 libentius
356 2093 502 2169 suscipi0,
525 2093 656 2169 deposco
684 2092 779 2151 etiam
801 2093 884 2168 quod
912 2066 1179 2168 iniungisssErat

177 2200 295 2259 Miseni
320 2199 514 2274 classemque
542 2197 673 2275 imperio
701 2216 849 2274 praesens
877 2198 1010 2274 regebat.
1053 2199 1178 2257 Nonum

176 2305 250 2365 Kal.
275 2305 481 2381 Septembres,
502 2304 579 2362 hora
598 2303 665 2362 fere
687 2302 830 2380 septima,
852 2309 950 2362 mater
971 2323 1041 2364 mea
1061 2304 1180 2364 indicat
1210 2336 1214 2343 ·

177 2412 207 2470 ei
228 2428 379 2488 apparere
407 2409 521 2467 nubem
548 2408 702 2467 inusitata
723 2414 754 2467 et
775 2409 991 2483 magnitudine
1014 2415 1046 2468 et
1068 2409 1178 2486 specie.
1201 2419 1228 2464 15

141 2535 157 2580 5
178 2520 265 2578 Usus
288 2516 342 2574 ille
365 2515 438 2587 sole,
454 2533 526 2573 mox
546 2513 673 2589 frigida,
696 2519 878 2588 gustaverat
898 2514 1002 2574 iacens
1024 2515 1181 2574 studebat-

178 2642 255 2700 que:
278 2621 380 2698 poscit
395 2619 504 2693 soleas,
520 2618 661 2678 ascendit
676 2619 778 2678 locum
800 2638 839 2678 ex
853 2638 915 2696 quo
936 2619 1071 2679 maxime
1091 2620 1182 2680 mira

177 2728 283 2787 culum
308 2725 388 2784 illud
417 2724 555 2800 conspici
584 2729 715 2800 poterat.
757 2724 876 2797 Nubes,
898 2725 1051 2784 incertum
1074 2724 1180 2802 procul

178 2830 374 2898 intuentibus
389 2848 428 2888 ex
443 2847 504 2906 quo
519 2834 624 2887 monte
641 2827 827 2906 (Vesuvium
841 2829 941 2890 fuisse
956 2837 1065 2908 postea
1081 2830 1183 2906 cogni-

177 2944 247 2997 tum
269 2939 340 3016 est),
356 2934 522 3008 oriebatur,
541 2933 629 2993 cuius
651 2933 891 2992 similitudinem
912 2941 945 2994 et
966 2937 1097 2994 formam
1119 2955 1182 2995 non
1201 2946 1229 2991 20

143 3042 243 3103 talia
264 3040 362 3116 magis
384 3038 475 3099 arbor
496 3057 589 3116 qnam
611 3038 703 3114 pinus
725 3039 922 3115 expresserit.
966 3041 1048 3099 Nam
1070 3041 1183 3116 longis-

180 3149 259 3208 simo
274 3145 361 3204 velut
375 3150 486 3203 trunco
501 3142 585 3202 elata
598 3143 632 3201 in
646 3143 744 3202 altum
760 3145 947 3221 quibusdam
961 3146 1055 3206 ramis
1071 3146 1183 3205 diffun-

179 3255 321 3326 debatur,
333 3251 434 3324 cred0,
446 3249 520 3326 quia
531 3249 649 3307 recenti
661 3249 775 3326 spiritu
790 3257 907 3325 evecta,
920 3252 993 3311 dein
1004 3258 1183 3312 senescente

180 3379 216 3420 eo
231 3357 385 3418 destituta
399 3361 454 3415 aut
471 3353 567 3413 etiam
589 3355 724 3431 pondere
747 3373 802 3413 suo
823 3357 907 3416 victa
929 3357 962 3415 in
983 3357 1184 3417 latitudinem

179 3462 385 3536 vanescebat;
404 3460 537 3519 candida
551 3459 718 3533 interdum,
729 3460 886 3519 interdum
899 3462 1024 3521 sordida
1038 3467 1070 3521 et
1084 3481 1184 3521 macu-
1202 3474 1232 3518 ut

144 3582 159 3628 t
180 3572 256 3645 losa,
273 3572 366 3646 prout
389 3571 516 3665 terram?
527 3565 702 3653 cineremve
725 3567 904 3626 sustulerat.
948 3569 1098 3642 Magnum
1118 3587 1186 3645 pro

179 3677 314 3756 piusque
335 3670 534 3745 noscendum,
555 3676 592 3729 ut
614 3671 826 3731 eruditissimo
845 3673 922 3749 viro,
937 3674 1048 3733 visum.
1092 3674 1186 3734 Iubet
