2664 4170
190 238 231 301 98
605 248 634 299 e.
660 250 761 300 rmur

187 422 310 497 longius
323 422 431 498 primo,
445 422 558 481 deinde
572 442 588 481 e
600 424 742 501 proximo
753 425 963 484 reddebatur:
987 446 1062 485 mox
1073 445 1186 505 appare-

187 527 241 585 bat
262 527 377 600 idolon,
393 546 488 587 senex
508 528 605 587 macie
626 536 658 587 et
679 530 823 606 squalore
844 531 1021 606 confectus,
1043 533 1187 609 promissa

186 632 290 706 barba,
302 632 443 691 horrenti
458 632 588 709 capillo:
611 634 752 694 cruribus
766 635 940 711 compedes,
953 638 1104 696 manibus
1118 643 1188 696 cate-

186 756 242 797 nas
266 738 392 812 gerebat
417 739 646 816 quatiebatque.
700 740 778 798 Inde
803 739 1058 802 inhabitantibus
1088 743 1211 803 11111111

152 855 167 899 c
186 843 333 920 diraeque
345 849 451 902 noctes
464 863 518 920 per
530 851 647 902 metum
658 844 885 921 vigilabuntur:
908 845 1055 922 vigiliam
1069 849 1187 908 morbus

186 954 218 1006 11
236 954 393 1008 crescente
415 948 582 1007 formidine
603 969 686 1010 mors
708 950 903 1027 sequebatur.
946 952 1034 1011 Nam
1055 953 1188 1013 interdiu

186 1071 317 1130 quoque,
333 1072 521 1130 quamquam
539 1055 729 1114 abscesserat
746 1055 857 1130 imago,
871 1056 1027 1116 memoria
1045 1058 1186 1134 imaginis

185 1158 283 1217 oculis
311 1158 478 1233 inerrabat,
507 1157 689 1236 longiorque
714 1159 816 1219 causis
840 1159 963 1221 timoris
989 1161 1088 1221 timor
1116 1169 1184 1222 erat.

185 1264 317 1322 Deserta
342 1263 415 1321 inde
440 1268 471 1321 et
496 1264 643 1322 damnata
667 1263 836 1323 solitudine
857 1265 967 1324 domus
990 1271 1122 1345 totaque
1142 1268 1186 1326 illi

138 1378 166 1422 1ο
185 1374 323 1426 monstro
344 1367 468 1442 relicta,
498 1368 882 1455 p1·oscribebaturtamen,
903 1388 959 1429 seu
983 1371 1057 1447 quis
1080 1391 1184 1446 emere,

185 1492 240 1532 seu
267 1473 337 1550 quis
366 1474 537 1532 conducere
565 1474 691 1549 ignarus
720 1475 801 1533 tanti
828 1475 903 1534 mali
932 1476 1040 1536 vellet.
1095 1479 1209 1538 Venitt

184 1579 326 1637 Athenas
352 1578 556 1656 philosophus
581 1580 811 1654 Athenodorus
836 1580 914 1656 legit
941 1581 1085 1655 titulum,
1108 1584 1185 1642 audi-

185 1690 277 1760 toque
299 1684 408 1761 preti0,
431 1685 505 1761 quia
526 1691 672 1761 suspecta
692 1685 808 1759 vilitas,
830 1693 1064 1762 percunctatus,
1086 1690 1185 1748 omnia

185 1789 312 1847 docetur
340 1808 374 1847 ac
402 1789 502 1848 nihilo
529 1790 643 1864 minus,
664 1790 759 1849 immo
787 1795 876 1849 tanto
903 1791 1003 1866 magis
1033 1794 1182 1853 conducit.

137 1910 165 1953 15
185 1894 250 1954 Ubi
265 1894 367 1970 coepit
382 1894 648 1971 advesperascere,
664 1894 750 1954 iubet
765 1897 862 1955 sterni
878 1895 939 1954 sibi
955 1896 1060 1973 prima
1078 1898 1183 1958 domus

184 2004 281 2075 parte,
307 1999 409 2076 poscit
433 1998 603 2075 pugillares
633 1999 741 2058 stilum
765 1999 887 2058 lumen:
919 2019 992 2060 suos
1019 2020 1128 2063 omnes
1154 2004 1184 2061 in

184 2103 333 2162 interiora
357 2103 500 2177 dimittit,
524 2103 592 2180 ipse
620 2104 660 2163 ad
688 2105 883 2164 scribendum
914 2105 1056 2165 animum
1084 2108 1183 2167 oculos

184 2227 310 2266 manum
339 2209 484 2282 intendit,
513 2227 552 2267 ne
583 2227 678 2267 vacua
706 2228 794 2268 mens
822 2210 930 2269 audita
959 2210 1130 2272 simulacra
1155 2218 1184 2270 et

184 2312 292 2372 inanes
315 2313 374 2372 sibi
396 2319 497 2372 metus
518 2313 658 2388 fingeret.
702 2314 807 2387 Initio,
831 2314 922 2391 quale
947 2315 1075 2393 ubique,
1098 2318 1208 2377 silon-8

136 2437 165 2481 20
184 2417 262 2475 tium
285 2418 394 2492 noctis,
417 2418 490 2476 dein
512 2418 634 2476 concuti
658 2419 786 2493 ferrum,
809 2419 935 2478 vincula
959 2422 1096 2480 moveri:
1133 2422 1182 2481 ille

183 2542 245 2581 non
270 2523 379 2581 tollere
404 2523 518 2597 oculos,
541 2542 603 2580 non
627 2523 785 2582 remittere
808 2524 926 2595 stilum,
952 2525 1007 2583 sed
1034 2526 1182 2586 offirmare

184 2628 321 2686 animum
337 2628 525 2705 auribusque
541 2629 760 2705 praetendere:
784 2633 851 2686 tum
862 2628 1056 2689 crebrescere
1071 2632 1182 2708 fragor,

184 2734 362 2807 adventare,
378 2740 409 2792 et
424 2734 486 2792 iarn
501 2739 536 2792 ut
551 2734 584 2791 in
599 2733 715 2806 limine,
727 2733 789 2791 iam
806 2739 840 2792 ut
854 2733 938 2792 intra
951 2733 1050 2794 limen
1066 2736 1181 2795 audiri:

183 2838 320 2915 respicit,
341 2839 428 2897 videt
450 2839 651 2915 agnoscitque
672 2844 830 2897 narratam
852 2837 912 2898 sibi
933 2837 1077 2914 effigiem.
1122 2842 1209 2901 Stat

135 2960 164 3004 25
183 2944 237 3002 bat
262 2944 472 3021 innuebatque
498 2944 605 3018 digit0,
632 2943 744 3003 similis
768 2943 908 3002 vocanti:
941 2943 994 3002 hic
1015 2953 1128 3006 contra
1150 2952 1183 3006 ut

184 3049 309 3126 paulum
337 3055 530 3126 exspectaret
553 3068 648 3107 manu
672 3048 828 3124 significat
855 3068 1024 3126 rursusque
1051 3052 1130 3112 ceris
1154 3056 1183 3110 et

184 3154 257 3213 stilo
280 3154 448 3213 incumbit:
478 3154 534 3212 illa
556 3154 719 3214 scribentis
741 3153 838 3230 capiti
860 3153 977 3214 catenis
999 3154 1181 3216 insonabat:

184 3259 311 3336 respicit
326 3279 431 3319 rursus
449 3259 531 3338 idem
549 3260 632 3335 quod
653 3258 739 3336 prius
761 3259 952 3333 innuentem,
967 3277 1024 3319 nec
1047 3267 1182 3321 moratus

183 3364 269 3423 tollit
293 3364 398 3423 lumen
423 3370 454 3423 11
476 3364 625 3441 sequitur.
677 3364 750 3422 Ibat
777 3364 833 3422 illa
857 3364 942 3423 lento
964 3365 1074 3441 gradu,
1097 3365 1181 3444 quasi
1198 3383 1219 3429 10

136 3486 165 3531 30
185 3469 288 3545 gravis
313 3469 463 3527 vinculis:
487 3475 653 3546 postquam
679 3469 806 3528 deflexit
830 3469 863 3527 in
885 3487 988 3529 aream
1008 3471 1128 3547 domus,
1144 3489 1183 3530 re·

184 3580 277 3651 pente
295 3574 417 3651 dilapsa
438 3575 554 3633 deserit
575 3574 735 3633 comitem:
760 3575 901 3634 desertus
919 3575 1032 3635 herbas
1055 3582 1088 3637 et
1109 3576 1183 3636 folia

184 3684 350 3756 concerpta
364 3679 488 3754 signum
504 3678 571 3738 loco
588 3680 684 3757 ponit.
728 3681 859 3739 Postero
876 3679 926 3738 die
944 3679 1012 3740 adit
1026 3682 1182 3758 magistra
1198 3689 1217 3736 11
