2664 4170
504 234 766 285 nrlsrunnuun
790 234 884 285 n.1r.
1152 221 1194 284 29

190 411 223 464 et
250 411 321 482 post
350 405 511 466 silentium
536 407 639 484 coepit
663 406 746 465 idem
769 407 871 466 tertio.
914 406 1094 466 Novissime
1123 406 1193 483 quis

191 510 310 570 diceret
327 512 500 588 quaesivit:
524 531 706 589 responsum
728 518 777 572 cst
793 512 958 571 ‘Licinus'
1000 513 1080 570 Tum
1101 511 1195 569 inter-

190 615 287 675 missa
307 634 401 676 causa
419 618 639 676 ‘centumviri'
657 617 769 693 inquit,
791 618 866 676 ‘hoc
886 616 1054 676 artificium
1071 615 1193 692 perit.'’

137 735 169 780 12
190 721 281 790 Quod
302 719 419 796 alioqui
441 718 542 796 perire
565 719 744 796 incipiebat,
760 738 829 777 curn
849 720 967 796 perisse
982 720 1063 778 Afro
1077 720 1194 779 videre

170 831 251 900 »tur‚
266 844 349 883 nunc
364 842 436 883 vero
451 843 547 902 prope
561 823 706 882 funditus
725 824 898 882 extinctum
920 831 952 883 et
973 843 1114 885 eversum
1136 831 1192 885 est.
1213 837 1229 882 5

190 931 294 989 Pudet
312 930 429 988 referre
450 947 637 1006 quaequam
653 929 755 988 fracta
768 929 1023 1006 pronuntiatione
1039 929 1193 1005 dicantur,

138 1048 170 1094 13
191 1035 305 1113 quibus
331 1053 423 1112 quam
448 1034 565 1093 teneris
594 1033 780 1093 clamoribus
808 1033 1012 1111 excipiantur.
1059 1035 1193 1096 Plausus

190 1146 315 1200 tantum
330 1158 365 1199 ac
380 1140 485 1216 potius
504 1138 570 1199 sola
588 1138 732 1218 cymbala
751 1145 783 1198 et
804 1145 956 1217 tympana
975 1140 1041 1200 illis
1063 1141 1193 1200 canticis

190 1246 320 1305 desunt:
343 1245 483 1304 ululatus
495 1245 621 1323 quidem
635 1244 842 1322 (nequeenim
854 1244 1194 1323 aliovocabulopotest

190 1350 326 1428 exprimi
344 1349 477 1409 theatris
495 1368 618 1427 quoque
639 1349 785 1408 indecora
806 1349 959 1431 laudatio)
983 1351 1069 1426 large
1091 1365 1243 1428 super-10

139 1473 170 1517 14
190 1462 273 1517 sunt.
314 1457 382 1515 Nos
403 1461 509 1514 tamen
533 1454 635 1514 adhuc
657 1460 688 1513 ct
708 1454 831 1515 utilitas
856 1456 1025 1516 amicorum
1054 1463 1086 1517 et
1114 1459 1194 1518 ratio

190 1562 304 1622 aetatis
326 1565 464 1620 moratur
485 1578 520 1619 ac
541 1560 673 1620 retinet:
699 1578 842 1619 veremur
862 1562 945 1620 enirn
967 1581 1005 1622 11
1027 1564 1110 1622 forte
1131 1583 1193 1622 non

190 1668 247 1726 has
263 1666 469 1742 indignitates
483 1665 648 1742 reliquisse
663 1666 717 1725 sed
734 1666 871 1725 laborem
886 1667 1006 1743 fugisse
1022 1668 1191 1728 videamur.

191 1773 304 1832 Sumus
325 1777 431 1831 tamen
453 1771 547 1831 solito
567 1771 708 1846 rariores,
725 1772 808 1850 quod
828 1773 955 1832 initium
975 1780 1024 1834 est
1038 1775 1193 1850 gradatim

190 1876 363 1937 desinendi.
405 1876 492 1936 Vale.
1215 1892 1243 1937 15

597 1992 649 2052 26.
680 1991 777 2072 (xv.)

399 2137 428 2187 C.
453 2137 598 2187 PLINIUS
622 2139 838 2190 VALERIANO
860 2139 929 2190 SUO
953 2140 978 2190 S.

386 2271 455 2322 How
466 2268 528 2322 doci
540 2271 703 2322 Valerianus
716 2275 769 2323 lite
781 2275 824 2323 liis
836 2275 974 2336 itemform
986 2274 1000 2326 9

155 2421 168 2465 1
231 2404 299 2475 Quo
307 2403 399 2462 modo
409 2409 441 2462 te
451 2409 571 2463 veteres
583 2404 681 2464 Marsi
690 2404 763 2464 tui?
785 2424 846 2482 quo
857 2406 949 2464 modo
958 2406 1075 2482 emptio
1086 2410 1192 2466 nova?

190 2508 323 2568 Placent
334 2508 409 2584 agri,
420 2514 586 2586 postquam
596 2508 642 2568 tui
654 2509 733 2569 facti
745 2513 842 2569 sunt?
879 2512 998 2569 Rarum
1007 2511 1040 2569 id
1050 2512 1191 2588 quidem:

155 2630 170 2673 2
190 2613 272 2672 nihil
286 2614 372 2672 enim
387 2632 484 2691 aeque
502 2619 625 2689 gratum
640 2620 689 2674 est
704 2615 827 2693 adeptis
841 2635 935 2693 quam
950 2616 1193 2694 concupiscenti-

190 2720 257 2779 bus.
301 2719 354 2777 Me
374 2719 503 2795 praedia
522 2725 665 2778 materna
679 2739 788 2796 parum
805 2722 965 2780 commode
982 2727 1127 2795 tractant,
1144 2722 1193 2780 de-

190 2824 310 2883 lectant
337 2830 443 2883 tamen
474 2830 510 2883 ut
537 2830 687 2900 materna,
714 2831 745 2884 et
773 2825 890 2903 alioqui
919 2826 1012 2903 longa
1039 2826 1193 2903 patientia
1213 2837 1242 2881 20

191 2929 332 2988 occallui.
389 2929 518 2988 Habent
538 2929 622 2988 hunc
643 2929 737 2989 finem
761 2930 909 2990 adsiduae
932 2930 1089 3008 querellae
1109 2931 1192 3007 quod

191 3034 282 3112 queri
303 3035 408 3112 pudet.
451 3034 538 3094 Vale.

591 3146 643 3206 27.
673 3143 808 3225 (xvir.)

454 3290 483 3340 C.
510 3291 652 3341 PLINIUS
676 3291 796 3341 GALLO
819 3292 886 3342 SUO
910 3292 935 3343 S.

395 3426 565 3487 Descapcion
578 3427 611 3488 os
618 3426 725 3488 Pliny's
736 3424 902 3477 Laurentiae
913 3428 986 3476 villu.

156 3582 170 3627 1
232 3558 360 3618 Miraris
375 3577 430 3617 cur
444 3578 492 3618 me
507 3559 734 3618 Laurentinum
749 3560 809 3634 vel,
826 3560 852 3619 si
867 3560 913 3618 ita
926 3560 1036 3633 mavis,
1052 3561 1191 3622 Laurens

191 3683 295 3725 meum
316 3669 405 3727 tanto
426 3682 518 3746 opere
539 3663 689 3727 delectet:
713 3665 836 3727 desines
858 3665 974 3742 mirari,
993 3683 1063 3723 cum
1084 3685 1192 3744 cogno
