2664 4170
428 247 690 300 EPISTULARUM
714 250 762 299 rr.
784 251 823 300 19.
1064 237 1127 300 113

206 418 269 479 Hio
284 420 363 481 situs
379 427 427 481 est
441 421 555 496 Rufus,
571 422 662 498 pulso
676 422 731 498 qui
747 422 879 481 Vindice
894 421 1050 497 quondam

246 526 411 603 imperium
428 526 568 585 adseruit
583 546 644 584 non
659 527 718 586 sibi
735 528 789 586 sed
803 528 932 604 patriae.

126 737 343 815 Reprehendis
358 738 442 814 quod
455 738 593 812 iusserit,
609 739 698 798 addis
713 739 808 797 etiam
823 739 936 799 melius
950 739 1127 814 rectiusque

126 843 321 918 Frontinum,
334 842 418 920 quod
432 843 567 902 vetuerit
582 843 708 902 omnino
723 850 957 903 monumentum
973 845 1033 904 sibi
1049 843 1126 917 fieri,

126 966 237 1025 meque
257 949 297 1008 ad
318 953 491 1007 extremum
513 948 590 1025 quid
611 949 649 1007 de
670 955 803 1025 utroque
825 950 959 1009 sentiam
980 951 1125 1009 consulis.
1147 975 1162 1018 5

90 1067 106 1111 2
128 1056 305 1130 Utrumque
337 1053 443 1128 dilexi,
468 1054 601 1114 miratus
630 1074 699 1114 sum
727 1055 826 1131 magis
854 1073 947 1132 quem
971 1060 1007 1113 tu
1028 1074 1128 1132 repre-

127 1159 249 1234 hendis,
264 1164 358 1235 atque
373 1159 419 1218 ita
432 1158 564 1219 miratus
579 1165 615 1220 ut
632 1179 695 1218 non
716 1166 856 1237 putarem
881 1161 958 1220 satis
979 1179 1128 1237 umquam

127 1282 217 1341 posse
242 1264 364 1323 laudari
390 1265 478 1324 errius
503 1283 586 1324 nuno
611 1265 690 1324 mihi
715 1266 876 1325 subeunda
904 1266 1046 1325 defensio
1070 1272 1126 1326 est.

91 1386 107 1430 3
127 1368 242 1430 Omnes
264 1388 321 1444 ego
342 1369 396 1446 qui
418 1389 565 1445 magnum
586 1371 708 1447 aliquid
730 1371 1025 1448 memorandumque
1050 1372 1129 1430 feee-

127 1481 201 1534 runt
224 1494 287 1535 non
311 1476 404 1534 modo
428 1475 521 1535 venia
547 1494 654 1535 verum
685 1477 780 1535 etiam
810 1477 902 1537 laude
926 1477 1128 1552 dignissimos
1150 1498 1178 1542 10

127 1580 238 1654 iudieo,
261 1579 288 1640 si
313 1579 582 1640 immortalitatem
607 1600 701 1657 quam
726 1600 865 1640 meruere
887 1587 1047 1641 seetantur
1068 1582 1130 1642 vie·

126 1685 251 1762 turique
266 1685 402 1745 nominis
417 1685 535 1745 famam
550 1688 704 1763 supremis
722 1687 816 1746 etiam
837 1687 941 1746 titulis
963 1706 1128 1764 prorogare

91 1808 107 1851 4
126 1790 280 1850 nituntur.
323 1792 390 1850 Nee
404 1791 498 1850 faeile
514 1809 702 1868 quemquam
722 1791 784 1851 nisi
799 1791 984 1868 Verginium
1002 1792 1139 1851 invenio,

125 1894 215 1956 ouius
229 1901 320 1955 tanta
340 1895 374 1954 in
395 1896 603 1972 praedicando
623 1896 811 1955 verecundia
831 1901 950 1973 quanta
970 1896 1070 1971 gloria
1090 1915 1129 1955 ex

91 2016 106 2060 5
127 2000 220 2061 facte.
232 2010 245 2030 ⁹
264 2001 337 2077 Ipse
359 2019 427 2060 sum
448 2000 549 2076 testie,
567 2000 769 2060 familiariter
790 2001 828 2060 ab
849 2019 885 2060 eo
906 2001 1040 2061 dilectus
1062 2021 1129 2078 pro
1150 2021 1178 2066 15

126 2107 289 2184 batusque‚
312 2105 408 2166 semel
429 2107 555 2166 omnino
576 2125 625 2165 me
650 2106 798 2166 audiente
826 2112 1007 2183 proveetum
1033 2112 1069 2165 ut
1090 2107 1128 2166 de

126 2212 218 2272 rebus
233 2211 300 2270 suis
321 2211 380 2270 hoe
401 2231 497 2269 unum
519 2212 660 2286 referret,
677 2211 723 2270 ita
744 2230 848 2271 seeum
869 2211 1038 2288 aliquando
1060 2212 1130 2272 Clu·

125 2316 213 2376 vium
233 2317 372 2376 locutum
391 2316 476 2390 ‘sois
493 2317 631 2392 Vergini,
650 2336 729 2393 quae
752 2317 901 2376 historiae
922 2317 999 2376 fides
1020 2318 1130 2377 debea

126 2427 193 2482 tur:
215 2422 346 2499 proinde
362 2421 389 2481 si
404 2421 481 2498 quid
496 2421 529 2480 in
545 2421 685 2481 historiis
701 2422 779 2481 meis
795 2422 874 2497 legis
888 2423 981 2481 aliter
992 2441 1027 2481 ae
1038 2422 1127 2498 velie,

66 2504 106 2575 lt
126 2547 200 2603 rogo
214 2527 376 2604 ignosoas'
417 2526 468 2587 Ad
483 2528 541 2587 hoe
555 2527 610 2586 ille
626 2533 720 2586 ‘tune
735 2528 869 2602 ignoras
882 2527 982 2602 Cluvi,
994 2528 1064 2587 ideo
1079 2547 1128 2587 me
1148 2546 1178 2590 20

126 2633 240 2693 feeisse
261 2633 345 2710 quod
365 2633 436 2706 feei,
458 2638 494 2692 ut
515 2638 598 2693 esset
622 2632 755 2692 liberum
778 2632 866 2692 vobis
890 2633 1024 2692 seribere
1049 2652 1128 2710 quae

90 2738 290 2802 olibuisset'
301 2739 317 2796 ?
369 2738 522 2813 Agedum,
552 2738 635 2797 hune
662 2739 765 2815 ipsum
794 2737 979 2797 Frontinum
1005 2738 1039 2797 in
1070 2739 1128 2798 hoe

126 2844 195 2922 ipso
209 2844 316 2921 inquo
330 2843 390 2903 tibi
411 2843 532 2921 paroior
548 2843 675 2902 videtur
697 2848 728 2902 et
748 2842 883 2920 pressior
904 2862 1125 2920 comparemus

126 2949 237 3010 Vetuit
264 2949 384 3009 exstrui
413 2948 655 3009 monimentum:
689 2949 744 3008 sed
769 2949 881 3025 quibus
906 2949 1037 3008 verbis?
1070 2949 1128 3007 ‘in-

126 3073 223 3131 pensa
239 3054 433 3114 monumenti
456 3073 648 3132 supervacua
662 3060 725 3113 est:
749 3054 899 3113 memoria
919 3053 1018 3113 nostri
1039 3054 1129 3113 dura·
1147 3073 1176 3117 25

125 3160 181 3235 bit,
210 3160 238 3221 si
266 3160 333 3221 rita
360 3159 550 3220 meruimus’
592 3161 643 3219 An
678 3159 852 3220 restrictius
883 3159 1044 3219 arbitraris
1072 3178 1127 3236 per

125 3266 231 3326 orbem
258 3271 412 3325 terrarum
439 3264 605 3341 legendum
634 3266 707 3325 dare
736 3266 917 3325 duraturam
945 3264 1125 3324 memoriam

126 3391 213 3432 suam
228 3390 322 3448 quarn
344 3390 406 3430 uno
426 3371 459 3428 in
481 3370 549 3429 loeo
570 3370 689 3430 duobus
712 3370 876 3430 versieulis
898 3370 1021 3446 signare
1043 3370 1127 3447 quod

90 3485 105 3530 t
125 3476 263 3536 feceris?
306 3475 501 3552 Quamquam
514 3493 577 3533 non
591 3475 690 3534 habeo
705 3474 899 3552 propositum
917 3474 1007 3532 illum
1027 3493 1127 3551 repre-

124 3581 293 3656 hendendi,
316 3580 371 3641 sed
392 3580 475 3638 huno
497 3579 623 3638 tuendi:
653 3579 741 3639 ouius
763 3597 842 3655 quae
864 3585 967 3656 potest
989 3579 1072 3656 apud
1094 3585 1126 3638 te
1146 3600 1176 3646 30

125 3686 238 3748 iustior
251 3704 319 3747 esse
333 3684 485 3760 defensio,
500 3702 593 3761 quam
609 3703 647 3743 ex
662 3684 837 3743 conlatione
852 3684 919 3744 eius
935 3703 1026 3760 quem
1041 3703 1128 3761 prae·
