2664 4170
192 256 234 321 52
616 271 645 321 c.
666 270 766 320 rmru

191 440 300 500 mines.
342 441 426 500 Nam
441 460 511 500 cum
526 441 559 499 in
574 441 717 501 omnibus
732 442 824 501 rebus
845 446 913 500 tum
933 441 968 499 in
990 440 1208 520 disponendis

191 547 396 607 facultatibus
419 547 587 624 plurimum
609 548 669 607 tibi
690 553 721 606 et
742 565 817 607 usus
845 553 877 606 et
900 547 1130 624 providentiae
1160 569 1207 610 su-

191 658 302 729 perest.
345 653 432 713 Vale.

601 825 654 886 40.
682 822 782 902 (xx.)

354 993 383 1043 C.
410 991 553 1043 PLINIUS
577 991 708 1044 MESSIO
731 992 883 1042 MAXIMO
907 992 975 1043 SUO
999 992 1027 1043 S.

509 1141 563 1191 The
576 1142 659 1191 bellot
671 1142 700 1190 io
713 1141 756 1190 the
770 1139 873 1190 Sancte.

230 1287 446 1346 Meministine
457 1293 488 1345 te
500 1305 591 1363 saepe
606 1286 719 1361 legisse
734 1292 868 1363 quantas
883 1286 1103 1348 contentiones
1119 1289 1198 1348 exci·
1215 1302 1227 1347 1

155 1405 170 1448 5
190 1394 266 1452 tarit
280 1394 332 1451 lex
346 1392 511 1451 tabellaria
530 1397 744 1468 quantumque
758 1390 821 1469 ipsi
835 1390 929 1451 latori
944 1391 994 1450 vel
1008 1392 1132 1467 gloriae
1147 1394 1196 1453 vel

190 1497 440 1576 reprehensionis
465 1496 634 1556 attulerit?
683 1497 727 1555 At
748 1516 830 1556 nuno
851 1496 883 1555 in
906 1503 1018 1556 senatu
1041 1497 1110 1557 sine
1132 1499 1225 1558 ullar

190 1605 384 1664 dissensione
405 1603 463 1662 hoc
485 1603 566 1660 idem
588 1608 624 1661 ut
644 1602 798 1679 optimum
819 1601 952 1679 placuit:
979 1621 1090 1662 omnes
1104 1605 1194 1663 comi-

190 1711 304 1769 tiorum
333 1709 383 1767 die
411 1708 544 1767 tabellas
565 1707 811 1783 postulaverunt.
854 1707 1099 1767 Excesseramus
1121 1722 1223 1768 sanet

190 1815 368 1875 manifestis
396 1813 461 1871 illis
490 1812 668 1889 apertisque
697 1811 855 1886 suffragiis
888 1810 1050 1870 licentiam
1080 1814 1193 1873 contio

142 1933 169 1977 10
190 1941 273 1980 num.
316 1921 389 1978 Non
409 1924 532 1995 tempus
554 1917 711 1994 loquendi,
727 1936 789 1976 non
805 1917 929 1976 tacendi
951 1919 1116 1994 modestia,
1132 1939 1192 1979 non

190 2026 324 2102 denique
340 2025 468 2084 sedendi
484 2023 620 2098 dignitas
636 2023 877 2082 custodiebatur.
921 2023 1031 2099 Magni
1052 2025 1191 2103 undique
1207 2032 1219 2077 4

190 2130 369 2207 dissonique
389 2130 548 2203 clamores,
563 2128 787 2205 procurrebant
802 2147 909 2188 omnes
923 2147 993 2188 cum
1009 2129 1077 2189 suis
1092 2131 1192 2191 candi-

189 2238 281 2310 datis,
294 2236 393 2294 multa
404 2235 529 2309 agmina
544 2235 576 2292 in
590 2234 692 2292 medio
707 2233 860 2310 multique
875 2233 984 2292 circuli
998 2241 1031 2296 ct
1046 2235 1191 2296 indecora

188 2342 346 2401 confusio:
378 2342 454 2399 adeo
477 2340 706 2399 desciveramus
730 2358 749 2398 a
770 2339 994 2398 consuetudine
1015 2347 1189 2417 parentum,
1221 2360 1224 2365 ·

141 2462 168 2506 15
189 2449 272 2524 apud
287 2466 364 2524 quos
379 2446 483 2504 omnia
498 2445 651 2521 disposita
671 2445 832 2504 moderata
852 2443 1033 2521 tranquilla,
1049 2446 1190 2506 maiesta

188 2559 252 2611 tem
280 2552 340 2611 loci
368 2551 579 2627 pudoremque
604 2549 788 2609 retinebant.
833 2549 1009 2626 Supersunt
1030 2569 1131 2627 senes,
1153 2558 1218 2609 ext

188 2658 301 2735 quibus
329 2657 436 2716 audire
465 2655 549 2715 soleo
576 2655 659 2713 hunc
683 2654 823 2713 ordinem
848 2653 1062 2714 comitiorum:
1093 2657 1189 2716 citato

188 2762 313 2822 nominc
334 2761 494 2820 candidati
517 2759 676 2820 silentium
700 2779 870 2835 summum3
900 2759 1024 2820 dicebat
1044 2760 1115 2838 ipse
1135 2780 1189 2839 pro

189 2888 230 2942 se,
253 2867 430 2945 explicabat
450 2867 549 2925 vitam
574 2885 671 2940 suam,
694 2871 790 2925 testes
819 2871 850 2925 et
877 2865 1057 2925 laudatores
1086 2868 1188 2941 dabat,

138 2993 167 3037 ⁴20
190 2973 238 3032 vel
254 2992 324 3032 eum
339 2973 396 3032 sub
411 2992 472 3048 quo
487 2972 678 3030 militaverat
693 2972 742 3029 vel
762 2990 832 3030 eum
852 2971 903 3030 cui
923 2977 1071 3048 quaestor
1085 2974 1189 3033 fuerat

189 3079 238 3137 vel
259 3084 436 3154 utrumque,
454 3077 480 3135 si
499 3082 630 3153 poterat,
653 3076 788 3135 addebat
809 3077 959 3153 quosdam
981 3095 1020 3135 ex
1042 3077 1190 3154 suffraga

155 3225 164 3241 .
188 3184 323 3243 toribus:
353 3183 401 3269 illi
423 3183 560 3257 graviter
582 3187 614 3240 ct
634 3181 742 3258 paucis
770 3181 986 3258 loquebantur.
1030 3182 1110 3243 Plus
1132 3183 1220 3243 hoo6

187 3309 281 3366 quam
303 3305 408 3364 preces
430 3288 582 3363 proderat.
626 3288 700 3346 Non
729 3306 899 3364 numquam
927 3287 1115 3350 candidatus
1136 3295 1190 3350 aut-

187 3394 307 3454 natales
336 3392 548 3468 competitoris
570 3398 624 3450 aut
646 3411 743 3451 annos
765 3392 936 3451 autetiam
957 3411 1059 3452 mores
1084 3413 1190 3471 argue

138 3520 165 3564 25
186 3500 248 3559 bat.
291 3496 445 3556 Audiebat
467 3503 592 3556 senatus
615 3498 768 3572 gravitate
793 3497 940 3557 censoria.
984 3497 1036 3557 Ita
1064 3500 1190 3577 saepius

186 3604 275 3679 digni
296 3622 390 3681 quam
412 3601 541 3678 gratiosi
560 3602 791 3678 praevalebant.
834 3603 919 3672 Quae
934 3621 1017 3661 nuno
1032 3602 1221 3665 inmodico?

186 3711 294 3771 favore
318 3713 472 3787 corrupta,
494 3708 535 3768 ad
555 3708 653 3768 tacita
674 3708 824 3784 suffragia
844 3707 934 3785 quasi
955 3708 995 3767 ad
1016 3709 1190 3770 remedium
