2664 4170
184 226 225 290 80
610 239 640 288 c.
660 238 760 287 111111

183 410 270 469 Ρ1111
284 409 416 470 honores
436 410 538 470 Iulius
557 411 653 486 Naso,
668 410 750 488 petit
768 428 839 470 cum
860 410 981 486 multis,
997 429 1071 470 cum
1092 410 1183 484 bonis,

183 534 261 592 quos
275 521 312 574 ut
326 515 495 590 gloriosum
510 515 555 576 sic
568 521 618 576 est
631 514 758 575 difficile
776 533 931 594 superare.
974 516 1105 576 Pendeo
1118 533 1184 591 ergo
1198 531 1209 575 1

184 626 215 679 11
230 639 373 679 exerceor
391 640 454 698 spe,
471 620 599 680 adficior
613 625 710 696 metu,
724 627 756 681 et
770 639 819 680 me
833 621 1032 682 consularem
1047 640 1115 682 esse
1128 639 1184 680 non

184 726 301 785 sentio:
324 745 396 785 nam
415 745 522 786 rursus
542 725 621 785 mihi
640 726 748 786 videor
765 726 903 786 omniurn
925 745 1007 805 quae
1028 725 1184 787 decucurri

149 830 377 895 scandidatus.
424 832 565 890 Meretur
592 831 673 891 hanc
701 849 807 892 curam
835 830 929 908 longa
957 832 1021 892 mei
1049 831 1208 892 caritate.³

183 938 242 997 Est
256 937 334 995 mihi
345 955 415 996 curn
432 936 487 995 illo
501 956 564 996 non
579 955 653 997 sane
667 943 799 1015 paterna
809 936 966 1014 amicitia;
987 955 1092 1016 neque
1106 936 1183 997 enim

184 1061 250 1102 esse
275 1042 380 1119 potuit
404 1061 459 1119 per
483 1061 584 1102 meam
606 1048 757 1102 aetatem:
788 1040 908 1103 solebat
928 1047 1038 1102 tamen
1059 1043 1183 1102 vixdum

184 1147 419 1208 adulescentulo
447 1147 525 1206 mihi
551 1154 641 1225 pater
665 1147 732 1208 eius
757 1165 828 1207 cum
851 1166 965 1224 magna
987 1147 1084 1208 laude
1108 1167 1185 1207 mon·

184 1254 285 1313 strari.
328 1255 406 1312 Erat
424 1272 487 1311 non
505 1252 679 1312 studiorum
696 1257 820 1312 tautum
834 1271 943 1312 verum
960 1253 1060 1313 ctiam
1076 1253 1185 1314 studio

137 1375 165 1420 10
185 1378 288 1419 sorum
303 1358 547 1432 amantissimus,
564 1376 599 1417 ac
613 1376 709 1435 prope
727 1357 843 1417 cotidie
857 1357 897 1417 ad
912 1357 1096 1433 audiendos,
1112 1376 1184 1436 quos

183 1469 259 1523 tunc
280 1483 336 1538 ego
357 1463 604 1539 frequentabam,
625 1462 863 1537 Quintilianum,
884 1462 1022 1522 Niceten
1046 1463 1186 1523 Sacerdo

184 1575 248 1629 tem
257 1568 442 1642 ventitabat,
455 1568 503 1626 vir
518 1568 635 1644 alioqui
647 1567 750 1627 clarus
762 1574 794 1627 et
808 1567 913 1644 gravis
924 1573 956 1627 11
971 1568 1027 1645 qui
1043 1569 1186 1646 prodesse

184 1674 249 1733 filio
269 1674 417 1732 memoria
437 1673 485 1732 sui
506 1673 625 1732 debeat.
670 1673 731 1733 Sed
745 1673 838 1732 multi
851 1692 934 1732 nunc
947 1673 983 1731 111
997 1680 1113 1734 senatu
1126 1673 1188 1752 qui-
1202 1685 1215 1729 4

184 1781 242 1840 bus
256 1780 382 1855 ignotus
397 1778 460 1852 ille,
472 1778 565 1837 multi
580 1779 694 1855 quibus
710 1784 812 1854 notus,
825 1779 880 1839 sed
893 1797 956 1838 non
970 1779 1034 1838 nisi
1046 1780 1187 1839 viventes

137 1903 165 1948 11
185 1892 382 1945 reverentur:
407 1903 468 1961 quo
487 1884 586 1958 magis
606 1884 679 1943 huic
699 1884 815 1944 omissa
833 1882 933 1959 gloria
951 1884 1063 1961 patris,
1081 1885 1188 1962 inqua

184 2010 331 2065 magnum
359 1994 585 2063 ornamentum,
615 1989 717 2064 gratia
743 1987 878 2063 infirma,
903 1988 965 2066 ipsi
994 1989 1187 2063 enitendum,

184 2096 246 2173 ipsi
268 2095 489 2154 elaborandum
511 2100 566 2153 est.
610 2094 698 2164 Quod
712 2093 840 2171 quidem
862 2111 992 2170 semper,
1011 2094 1105 2171 quasi
1124 2107 1216 2171 prot

184 2202 306 2260 videret
326 2200 384 2258 hcc
406 2207 539 2276 tempus,
563 2199 671 2257 sedulo
691 2199 786 2258 fecit:
816 2198 940 2276 paravit
961 2199 1090 2274 amicos,
1112 2218 1187 2276 quos

184 2311 348 2385 paraverat
367 2304 472 2378 coluit,
488 2323 536 2362 me
556 2309 649 2378 certe,
669 2310 704 2363 ut
723 2303 858 2381 primum
880 2303 941 2364 sibi
962 2303 1104 2364 iudicare
1125 2323 1188 2382 per·

136 2427 165 2472 ao
184 2411 280 2485 misit,
296 2412 336 2470 ad
351 2428 486 2470 amorem
500 2408 770 2487 imitationemque
790 2408 915 2484 delegit.
959 2409 1089 2469 Dicenti
1110 2409 1217 2468 mihis

186 2517 338 2578 sollicitus
353 2515 489 2587 adsistit,
505 2514 629 2573 adsidet
648 2514 810 2573 recitanti:
832 2513 943 2591 primis
960 2513 1058 2574 etiam
1073 2521 1187 2575 etcum

185 2623 319 2682 maxime
341 2621 540 2681 nascentibus
563 2620 722 2697 opusculis
741 2619 818 2680 meis
838 2619 978 2694 interest,
994 2639 1079 2680 nunc
1095 2621 1186 2694 solus,

185 2735 257 2788 ante
272 2728 464 2800 cumfratre,
481 2726 567 2785 cuius
584 2744 682 2802 nuper
697 2725 805 2785 amissi
824 2744 881 2802 ego
899 2724 1056 2802 suscipere
1072 2731 1187 2804 partes,

185 2853 241 2910 ego
256 2834 353 2892 vicem
376 2832 471 2891 debeo
491 2831 618 2908 inplere.
662 2831 760 2890 Doleo
779 2831 862 2889 enim
877 2836 909 2890 et
923 2830 1014 2889 illum
1030 2831 1189 2891 inmatura
1205 2837 1217 2884 7
1256 2824 1259 2833 '

136 2956 164 3000 25
185 2946 283 2998 morte
306 2936 523 3012 indignissime
544 2942 668 3012 raptum
688 2942 719 2994 11
738 2935 820 2993 hunc
843 2936 953 3012 optimi
973 2936 1084 2997 fratris
1105 2937 1189 2997 adiu·

185 3051 290 3104 mento
312 3042 499 3101 destitutum
523 3040 659 3117 solisque
681 3040 789 3099 amicis
812 3040 963 3099 relictum.
1006 3040 1129 3111 Quibus
1150 3049 1218 3101 1118

185 3150 287 3209 causis
313 3148 404 3221 exigo
428 3152 464 3205 ut
487 3144 595 3204 venias
620 3151 652 3203 11
679 3145 827 3219 suffragio
855 3163 923 3204 meo
947 3149 1037 3204 tuum
1065 3145 1186 3223 iungas.

185 3254 382 3315 Permultum
403 3251 535 3310 interest
556 3269 625 3308 mea
645 3256 675 3308 te
697 3255 863 3324 ostentare,
886 3255 988 3308 tecum
1012 3249 1186 3310 circumire.

185 3362 233 3420 Ea
246 3367 294 3420 est
308 3357 478 3420 auctoritas
492 3363 547 3415 111
560 3362 595 3413 ut
610 3361 717 3432 putem
733 3373 781 3414 me
797 3353 950 3415 efficacius
968 3360 1071 3414 tecum
1091 3356 1188 3417 etiarn

137 3479 166 3523 ³0
185 3485 269 3526 meos
289 3464 405 3525 amicos
425 3467 611 3536 rogaturum.
655 3460 823 3537 Abrumpe,
846 3460 873 3519 si
895 3479 957 3536 qua
977 3465 1009 3519 te
1030 3460 1187 3521 retinent:
1206 3469 1221 3513 9

185 3571 243 3630 hoc
258 3577 382 3646 tempus
397 3585 509 3640 meum,
524 3566 583 3624 hoc
597 3564 684 3639 fides,
699 3564 757 3623 hoc
772 3565 866 3624 etiarn
882 3564 1020 3641 dignitas
1035 3566 1187 3642 postulat.

187 3674 315 3755 Suscepi
340 3671 551 3746 candidatum,
575 3676 607 3729 11
631 3669 804 3750 suscepisse
828 3688 877 3730 me
902 3675 1009 3732 notum
1034 3675 1100 3733 cst:
1132 3689 1190 3751 ego
