2664 4170
189 255 251 319 126
611 266 641 316 c.
662 266 762 316 rnnu

187 439 307 498 tendos.
349 439 426 498 Mox
448 438 517 516 ipso
537 444 684 513 tractatu,
698 445 736 498 ut
756 438 825 497 fieri
839 438 927 514 solet,
943 439 1148 500 diffundente
1162 457 1192 499 se

188 545 326 619 crimine,
341 544 449 622 plures
466 544 585 622 species
607 543 794 603 inciderunt
836 544 1026 622 Propositus
1045 552 1096 605 est
1111 545 1220 605 libel-5

187 650 238 708 lus
253 650 320 709 sine
334 655 458 709 auctore
473 649 644 708 multorum
661 650 789 709 nomina
807 649 981 710 continens.
1025 651 1091 721 Qui
1107 669 1192 727 nega

187 755 264 814 bant
287 774 355 814 esse
378 773 410 814 se
433 755 630 814 Christianos
652 761 707 814 aut
729 755 838 830 fuisse,
856 773 926 814 cum
949 762 1126 834 praeeunte
1146 775 1191 816 me

153 872 168 916 o
188 860 263 919 deos
277 860 473 937 appellarent
487 865 519 919 et
532 860 664 936 imagini
677 864 760 935 tuae,
772 879 865 937 quam
880 866 1011 938 propter
1025 861 1088 922 hoc
1103 862 1192 922 iusso

188 984 254 1024 ram
269 984 340 1024 cum
354 965 530 1025 simulacris
548 965 712 1024 numinum
734 965 862 1041 adferri,
875 970 946 1025 ture
968 985 1005 1026 ac
1027 967 1107 1027 vino
1127 987 1192 1044 sup

188 1070 350 1146 plicarent‚
366 1076 527 1148 praeterea
546 1069 628 1130 male
650 1070 789 1130 dicerent
810 1070 945 1146 Christo,
961 1090 1099 1149 quorum
1115 1072 1192 1131 nihil

188 1195 278 1253 posse
293 1177 361 1252 cogi
375 1177 523 1236 dicuntur
537 1177 591 1253 qui
607 1183 681 1236 sunt
697 1195 731 1236 re
747 1195 821 1236 vera
835 1176 1021 1253 Christiani,
1034 1178 1193 1238 dimitten-

189 1282 244 1341 dos
263 1300 330 1341 esse
347 1282 465 1359 putavi.
507 1281 576 1340 Alii
595 1282 635 1341 ab
654 1282 757 1341 indice
777 1282 931 1342 nominati
949 1301 1019 1343 esso
1040 1303 1075 1343 se
1094 1284 1194 1345 Chris·
1210 1287 1223 1332 6

141 1402 168 1446 10
188 1388 291 1446 tianos
312 1388 460 1446 dixerunt
480 1393 512 1447 et
532 1406 606 1447 mox
627 1393 837 1464 negaverunt3
860 1387 959 1448 fuisse
982 1389 1123 1466 quidem,
1142 1391 1194 1450 sed

188 1493 315 1567 desisse,
331 1493 458 1570 quidam
473 1500 546 1552 ante
561 1492 668 1571 plures
683 1511 790 1568 annos,
805 1512 868 1552 non
886 1511 979 1552 nemo
1001 1495 1101 1554 etiam
1123 1504 1195 1556 ante

186 1598 309 1673 viginti.
352 1599 398 1657 Hi
413 1616 536 1675 quoque
547 1614 654 1656 omnes
669 1602 702 1656 et
714 1595 883 1672 imaginem
897 1604 985 1658 tuam
1001 1599 1194 1680 deorumque

190 1701 356 1761 simulacra
380 1702 520 1760 venerati
535 1707 610 1761 sunt
631 1707 663 1762 et
683 1702 810 1762 Christo
834 1702 916 1762 male
938 1703 1099 1765 dixerunt.
1134 1706 1197 1767 Ad-

188 1807 355 1867 firmabant
382 1814 486 1866 autem
514 1807 595 1866 hanc
618 1807 718 1867 fuisse
741 1827 894 1868 summam
911 1808 962 1868 vel
982 1809 1095 1888 culpae
1121 1818 1230 1872 suae?

141 1928 168 1972 15
188 1913 239 1971 vel
253 1913 374 1987 erroris,
390 1914 473 1989 quod
487 1918 591 1972 essent
606 1912 692 1973 soliti
709 1918 792 1973 stato
809 1913 947 1974 dicante
964 1914 1067 1974 lucem
1086 1935 1200 1978 conve-

188 2018 254 2077 nire
269 2037 455 2094 carmenque
470 2018 596 2079 Christo
611 2017 701 2095 quasi
719 2019 776 2077 deo
793 2018 897 2079 dicere
918 2037 1024 2079 secum
1044 2021 1197 2099 invicem,

189 2143 283 2202 seque
299 2130 491 2183 sacramento
506 2143 568 2183 non
587 2123 620 2182 in
644 2123 744 2184 scelus
765 2123 894 2201 aliquod
915 2125 1122 2204 obstringere,
1139 2132 1199 2190 sed

187 2248 227 2288 ne
251 2230 346 2303 furta,
371 2248 410 2288 ne
438 2229 612 2304 latrocinia,
635 2248 674 2289 ne
702 2230 858 2289 adulteria
884 2231 1129 2310 committerent,
1155 2255 1198 2295 ne

188 2335 281 2394 fidem
296 2334 453 2409 fallerent,
469 2352 508 2392 ne
523 2335 701 2412 depositum
721 2335 874 2412 appellati
895 2336 1104 2412 abnegarent:
1129 2342 1199 2417 qui·

138 2451 168 2495 20
187 2440 245 2499 bus
273 2440 406 2517 peractis
434 2458 551 2498 morem
582 2440 641 2499 sibi
669 2439 851 2499 discedendi
882 2441 990 2515 fuisse,
1019 2462 1197 2522 rursusque

187 2546 318 2604 coeundi
332 2546 371 2604 ad
385 2545 572 2621 capiendum
586 2544 698 2620 cibum,
710 2545 921 2621 promiscuum
936 2553 1040 2605 tamen
1055 2553 1089 2607 et
1107 2549 1198 2610 inno

188 2651 291 2726 xium3
320 2652 403 2728 quod
431 2650 533 2727 ipsum
558 2650 660 2709 facere
682 2650 801 2710 desisse
822 2656 894 2728 post
915 2651 1052 2711 edictum
1074 2673 1194 2732 meum,

187 2776 249 2833 quo
277 2757 446 2816 secundum
474 2756 621 2814 mandata
651 2760 706 2813 tua
736 2755 892 2814 hetaerias
920 2774 988 2816 esse
1016 2762 1193 2820 vetueram.

187 2862 253 2931 Quo
268 2861 366 2936 magis
383 2861 594 2920 necessarium
615 2860 734 2919 credidi
755 2879 794 2918 ex
815 2861 936 2921 duabus
957 2861 1093 2937 ancilliS,
1110 2884 1194 2941 quae
1215 2880 1231 2925 8

137 2978 166 3022 25
186 2967 348 3026 ministrae
374 2966 563 3040 dicebantur,
586 2966 663 3042 quid
691 2971 773 3025 esset
797 2965 864 3024 veri
888 2972 921 3026 et
947 2985 1003 3045 per
1030 2973 1194 3032 tormenta

186 3091 341 3150 quaerere.
384 3071 476 3131 Nihil
498 3070 584 3130 aliud
605 3071 711 3129 inveni
729 3090 822 3147 quam
843 3072 1099 3149 superstitionem
1122 3095 1193 3153 pra

186 3197 258 3237 vam
273 3178 468 3237 inmodicam.
511 3177 587 3235 ldeo
603 3176 702 3235 dilata
715 3176 892 3252 cognitione
906 3178 946 3236 ad
962 3178 1192 3241 consulendum

186 3289 217 3342 te
232 3284 401 3343 decucurri.
445 3283 522 3343 Visa
535 3286 584 3340 est
594 3281 678 3340 enim
690 3282 768 3340 mihi
779 3301 828 3342 res
841 3282 935 3359 digna
946 3283 1189 3362 consultatione,
1211 3301 1227 3346 9

185 3390 321 3449 maxime
349 3395 475 3467 propter
499 3387 747 3466 periclitantium
768 3407 939 3446 numerum.
982 3388 1080 3449 Multi
1101 3393 1189 3452 enim

137 3504 165 3549 30
186 3495 287 3554 omnis
309 3496 431 3569 aetatis,
450 3495 550 3554 omnis
572 3492 699 3568 ordinis,
715 3494 877 3570 utriusque
899 3512 991 3553 sexus
1013 3494 1119 3571 etiam,
1138 3518 1191 3558 vo

185 3606 294 3660 cantur
308 3601 341 3658 in
356 3600 527 3678 periculum
543 3604 575 3658 et
588 3600 789 3659 vocabuntur.
832 3600 943 3677 Neque
957 3598 1103 3662 civitates
1121 3609 1190 3664 tan-

184 3713 252 3768 turn
281 3707 336 3769 sed
365 3706 448 3769 vicos
476 3705 571 3767 etiam
599 3710 693 3784 atque
719 3723 809 3782 agros
834 3703 1067 3784 superstitionis
1092 3707 1189 3772 istius
