2664 4170
194 238 235 305 24
618 249 649 306 c.
668 254 769 305 emm

192 425 319 502 piscem,
334 426 418 485 feras
440 424 538 485 silvae
559 426 672 503 quibus
694 426 780 488 lacus
801 428 947 505 cingitur,
963 432 1076 493 studia
1090 435 1205 496 altissi-

192 551 261 591 mus
289 531 348 591 iste
376 550 514 591 secessus
542 532 675 591 adfatim
697 540 875 609 suggerunt.
920 536 982 595 Sed
1004 537 1076 597 sive
1098 542 1234 604 omniaa

192 636 284 696 simul
311 637 376 695 sive
401 636 522 713 aliquid
544 637 632 712 facis,
654 658 716 697 non
741 658 868 716 possum
891 641 994 701 dicere
1018 644 1200 705 ‘invideo':

191 761 287 816 angor
311 747 416 800 tamen
437 761 499 801 non
520 749 552 800 et
573 742 652 801 mihi
673 743 766 803 licere
788 763 867 821 quae
888 745 933 805 sic
954 750 1144 827 concupisco
1165 757 1200 811 ut

156 858 170 902 5
191 847 275 922 aegri
291 847 407 921 vinum,
419 847 551 921 balinea,
563 848 676 908 fontes.
712 850 933 926 Numquamne
948 852 1005 912 hos
1020 855 1199 917 artissimos

190 950 327 1028 laqueos,
356 952 383 1010 si
416 952 535 1011 solvere
569 959 710 1029 negatur,
738 955 947 1033 abrumpam?
1003 958 1228 1037 Numquame

190 1062 273 1132 puto.
330 1058 412 1116 Nam
440 1058 597 1118 veteribus
631 1059 765 1135 negotiis
799 1079 882 1120 nova
915 1062 1112 1140 adcrescunt,
1141 1085 1197 1125 nec

189 1166 294 1220 tamen
316 1163 420 1239 priora
440 1169 646 1239 peraguntur:
675 1169 723 1224 tot
743 1165 884 1240 nexibus,
899 1172 947 1226 tot
961 1169 1053 1244 quasi
1075 1172 1195 1231 catenis

189 1266 290 1327 maius
305 1267 338 1325 in
353 1268 420 1327 dies
435 1268 673 1345 occupationum
688 1288 799 1345 agmen
813 1271 1003 1331 extenditur.
1046 1274 1136 1334 Vale.

605 1495 657 1555 22.
686 1494 773 1575 (111.)

397 1653 427 1704 O.
452 1654 595 1704 PLINIUS
617 1654 841 1705 APOLLINARI
864 1657 931 1708 SUO
955 1658 980 1708 S.

352 1773 406 1822 The
419 1774 565 1834 candidam
578 1774 610 1835 os
617 1774 736 1822 Erucius
741 1774 790 1835 sor
801 1775 844 1824 the
856 1775 1031 1838 b’ibunecbip.

120 1692 141 1727 s

140 1919 168 1964 10
228 1905 367 1963 Anxium
382 1925 431 1964 me
446 1911 477 1964 et
492 1905 664 1982 inquietum
681 1905 776 1965 habet
791 1906 901 1983 petitio
913 1907 1002 1966 Sexti
1013 1909 1112 1970 Eruci
1124 1911 1191 1972 mei.
1212 1928 1223 1973 1

188 2011 328 2070 Adficior
336 2030 410 2070 cura
420 2015 452 2070 et
463 2029 555 2087 quam
568 2030 623 2087 pro
636 2029 684 2068 me
695 2010 940 2071 sollicitudinem
951 2032 1014 2071 non
1026 2016 1091 2074 adii
1105 2018 1193 2094 quasi

187 2136 244 2193 pro
259 2135 307 2174 me
323 2116 420 2175 altero
436 2115 554 2192 patior;
576 2121 608 2174 et
623 2115 740 2192 alioqui
762 2134 848 2176 meus
870 2118 978 2193 pudor,
996 2137 1067 2179 mea
1088 2123 1193 2182 existi-

187 2222 292 2295 mati0,
308 2240 378 2280 mea
392 2221 530 2296 dignitas
551 2220 585 2278 in
606 2220 775 2279 discrimen
791 2221 963 2280 adducitur.
1006 2223 1076 2300 Ego
1098 2226 1223 2286 Sextoa

187 2326 285 2385 iatum
301 2327 423 2386 clavum
439 2327 597 2386 aCaesare
612 2331 727 2400 nostre,
738 2344 794 2400 ego
809 2332 1008 2402 quaesturam
1023 2328 1191 2407 inpetrari,

139 2442 167 2487 15
187 2451 255 2490 meo
271 2432 419 2506 suffragio
434 2431 576 2508 pervenit
597 2431 637 2490 ad
658 2430 706 2489 ius
728 2430 921 2490 tribunatum
944 2434 1079 2510 petendi,
1098 2456 1192 2513 quem

186 2536 249 2596 nisi
278 2537 398 2595 obtinet
426 2536 460 2594 in
488 2541 607 2610 senatu,
636 2553 744 2594 vereor
771 2554 809 2594 ne
838 2537 996 2614 decepisse
1026 2539 1191 2601 Caesarem

186 2642 302 2700 videar.
351 2642 486 2700 Proinde
515 2641 721 2700 adnitendum
750 2647 797 2700 est
825 2642 903 2700 mihi
930 2649 966 2700 ut
993 2644 1090 2704 talem
1120 2660 1222 2706 eume

187 2746 326 2805 iudicent
360 2765 475 2820 omnes,
505 2746 628 2823 qualem
657 2764 724 2805 esse
751 2745 896 2824 princeps
931 2747 1009 2806 mihi
1045 2752 1188 2812 credidit.

186 2852 270 2922 Quae
298 2871 392 2911 causa
419 2852 446 2911 si
475 2851 613 2911 studium
641 2869 744 2909 meum
772 2870 835 2910 non
862 2852 1016 2928 incitaret,
1046 2856 1190 2916 adiutum

136 2969 166 3013 20
186 2962 290 3015 tamen
305 2975 448 3033 euperem
469 2956 613 3015 iuvenem
635 2956 862 3033 probissimum,
879 2957 1108 3035 gravissimum,
1124 2981 1190 3021 eru-

186 3061 386 3136 ditissimum,
402 3062 486 3120 omni
502 3061 635 3138 denique
656 3061 749 3120 laude
771 3061 998 3137 dignissimum,
1014 3067 1188 3141 etquidem

185 3186 255 3225 cum
270 3174 337 3226 tota
351 3168 449 3226 domo.
493 3169 575 3226 Nam
597 3172 686 3243 pater
708 3167 736 3225 ei
758 3167 890 3227 Erucius
906 3168 1024 3243 0111111,
1039 3169 1090 3228 vir
1105 3191 1188 3232 sanc
1205 3183 1220 3227 4

185 3275 245 3344 tus,
261 3270 392 3345 anticus
408 3270 554 3343 disertus,
570 3275 663 3345 atque
678 3270 711 3327 in
726 3271 855 3345 agendis
871 3273 972 3332 causis
986 3275 1186 3351 exercitatus,

185 3393 261 3451 quas
278 3394 398 3433 summa
414 3374 484 3447 fide,
501 3373 569 3450 pari
588 3372 773 3446 constantia,
788 3391 844 3431 nec
860 3377 1047 3437 verecundia
1067 3381 1187 3442 minore

135 3488 164 3533 25
185 3479 335 3538 defendit.
392 3480 499 3538 Habet
527 3479 712 3537 avunculum
743 3479 775 3539 C.
806 3478 986 3556 Septicium,
1016 3503 1077 3560 quo
1105 3487 1186 3547 nihil

184 3583 297 3658 verius,
323 3584 404 3642 nihii
433 3584 615 3661 simplicius,
641 3584 722 3642 nihil
751 3583 922 3658 candidius,
951 3586 1030 3645 nihi]
1060 3589 1186 3653 fidelius

184 3689 266 3748 novi.
309 3690 424 3749 Omnes
448 3708 497 3748 me
522 3689 665 3748 certatim
690 3693 721 3748 et
745 3693 851 3748 tamen
875 3690 1047 3767 aequaliter
1069 3703 1221 3774 amanto
