2664 4170
471 253 734 303 EPISTULARUM
757 252 792 302 n
811 253 852 304 ao.
1135 238 1176 303 35

174 427 360 506 praesertim
385 445 478 503 super
502 431 592 485 tanta
615 444 656 484 re.
712 426 793 484 Nam
820 424 896 501 quid
921 424 1020 499 magis
1045 423 1177 483 interest

174 539 281 592 vestra
295 551 389 609 quam
404 537 440 590 ut
457 531 548 590 liberi
564 530 712 606 (dicerem
732 529 788 604 tui,
803 529 865 589 nisi
884 548 967 589 nunc
986 529 1058 588 illos
1077 528 1176 603 magis

174 639 309 718 amares)
333 637 420 713 digni
442 636 497 696 illo
518 641 617 713 patre,
639 641 670 694 te
694 641 805 713 patruo
832 634 1054 712 reperiantur?
1083 652 1176 711 quam

135 758 151 803 t
173 762 279 803 curam
300 743 388 817 mihi,
404 741 500 801 etiam
519 742 546 801 si
565 760 628 800 non
647 741 835 815 mandasses,
850 740 1066 799 vindicassem.
1109 740 1177 798 Nec

172 850 284 925 ignoro
301 847 515 924 suscipiendas
535 823 669 905 offensas
687 846 720 904 in
737 845 881 920 eligendo
898 849 1106 921 praeceptore,
1122 843 1177 902 sed
1196 853 1211 899 5

174 958 297 1031 oportet
319 970 367 1010 me
390 971 453 1023 non
477 951 569 1010 modo
593 950 727 1010 offensas
749 969 856 1009 verum
880 949 976 1008 etiam
1000 948 1176 1009 simultates

173 1078 231 1136 pro
252 1057 361 1117 fratris
382 1057 429 1116 tui
450 1055 526 1116 filiis
548 1062 613 1115 tam
634 1074 733 1132 aequo
755 1055 858 1114 animo
881 1054 984 1114 subire
1009 1071 1104 1130 quam
1126 1056 1195 1131 pa-i

173 1168 279 1222 rentes
293 1182 350 1240 pro
365 1161 437 1223 suis.
480 1161 567 1222 Vale.

585 1350 637 1410 29.
667 1347 766 1427 (XX.)

412 1511 442 1561 c.
468 1508 612 1558 ruimus
634 1507 804 1558 CALVISIO
828 1507 895 1558 suo
919 1508 944 1558 s.

470 1657 593 1720 Regulus
605 1670 636 1706 as
647 1670 664 1705 c
677 1656 883 1718 lcpccy-tcnter.

140 1819 154 1864 1
216 1804 329 1863 Assem
347 1822 423 1880 para
441 1808 474 1862 et
488 1803 593 1879 accipe
612 1821 737 1862 auream
757 1802 905 1876 fabulam,
921 1801 1045 1861 fabulas
1064 1801 1176 1859 immo:

176 1927 249 1968 narn
263 1927 313 1967 me
327 1907 466 1985 priorum
481 1927 562 1967 nova
576 1908 745 1982 admonuit,
760 1925 817 1966 nec
834 1908 931 1965 refert
946 1926 964 1966 a
978 1925 1040 1983 qua
1056 1905 1179 1982 potissi·
1200 1920 1228 1965 10

140 2029 156 2073 2
176 2033 262 2073 mum
280 2007 438 2091 incipiam.
482 2013 619 2073 Verania
634 2012 759 2072 Pisonis
779 2012 917 2087 'graviter
936 2011 1065 2085 iacebat,
1085 2010 1178 2070 huius

176 2119 247 2178 dico
267 2118 392 2178 Pisonis
415 2137 507 2195 quem
529 2118 630 2179 Galba
650 2118 821 2195 adoptavit.
864 2117 916 2175 Ad
937 2116 1017 2175 hanc
1038 2115 1179 2192 Regulus

177 2224 272 2283 venit.
325 2223 467 2282 Primum
495 2223 712 2299 inpudentiam
743 2223 878 2282 hominis
907 2222 961 2299 qui
988 2221 1111 2280 venerit
1140 2221 1179 2279 cd

176 2347 312 2404 aegram,
340 2328 429 2387 cuius
457 2327 572 2387 marito
603 2328 848 2402 inimicissimus,
877 2327 939 2405 ipsi
968 2325 1179 2386 invisissimus

141 2452 157 2497 3
176 2434 290 2493 fuerat.
333 2433 420 2507 Esto,
443 2433 469 2493 si
491 2433 578 2492 venit
598 2439 737 2492 tantum:
764 2439 797 2492 at
821 2432 876 2492 ille
900 2433 995 2492 etiam
1019 2433 1179 2510 proximus
1202 2447 1229 2491 15

177 2545 246 2599 toro
271 2538 361 2613 sedit,
387 2557 448 2616 quo
476 2538 535 2611 die,
561 2557 624 2617 qua
650 2538 727 2597 hora
754 2544 829 2597 nata
856 2543 939 2599 esset
966 2537 1178 2613 interrogavit.

177 2643 244 2704 Ubi
275 2642 385 2718 audiit,
414 2643 573 2720 componit
600 2643 732 2717 vultum,
761 2643 899 2702 intendit
933 2643 1047 2717 oculos,
1076 2646 1181 2700 movet

177 2748 274 2823 labra,
296 2748 396 2824 agitat
420 2748 545 2825 digitos
568 2754 745 2827 computat;
774 2749 871 2807 nihil:
900 2754 936 2808 ut
959 2749 1014 2807 diu
1035 2748 1181 2808 miseram

177 2853 394 2932 expectatione
423 2853 596 2930 suspendit,
624 2853 753 2914 ‘habes'
783 2854 888 2931 inquit
919 2853 1181 2912 ‘climactericum

142 2978 157 3023 4
176 2965 312 3036 tempus,
328 2958 384 3018 sed
402 2959 523 3018 evades.
567 2959 655 3029 Quod
676 2964 712 3018 ut
733 2959 792 3018 tibi
814 2959 913 3034 magis
934 2959 1061 3046 liqueat,
1076 2959 1183 3017 harus·
1202 2967 1231 3012 20

142 3082 158 3126 5
177 3065 289 3142 picem'
308 3063 468 3124 consulam
490 3083 582 3140 quem
605 3083 673 3123 sum
694 3065 875 3140 frequenter
897 3065 1063 3141 expertus!
1114 3064 1181 3122 Nec

178 3188 281 3228 mora:
306 3169 492 3229 sacrificium
507 3170 594 3243 facit,
606 3169 752 3229 adfirmat
766 3175 840 3229 exta
853 3189 923 3228 cum
938 3171 1074 3229 siderum
1089 3168 1183 3245 signi-

178 3275 324 3334 ficatione
346 3294 523 3351 congruere.
566 3276 637 3350 Illa,
657 3282 693 3335 ut
714 3276 748 3333 in
768 3276 906 3352 periculo
927 3275 1062 3349 credula,
1082 3275 1183 3352 poscit

178 3379 350 3455 codicillos,
383 3381 521 3456 legatum
556 3381 677 3456 Regulo
710 3381 835 3440 scribit:
872 3401 944 3440 mox
978 3380 1181 3455 ingravescit:

122 3473 128 3482 ¹
178 3487 296 3546 clamat
329 3486 466 3546 moriens
500 3487 657 3546 homiuem
689 3505 832 3564 nequam,
861 3487 1014 3563 perfidum
1043 3505 1077 3545 ac
1112 3485 1183 3563 plus
1203 3497 1232 3541 25

179 3591 277 3652 etiam
302 3611 396 3670 quam
420 3591 589 3669 periurum,
615 3592 669 3669 qui
694 3593 755 3652 sibi
782 3611 837 3669 per
862 3593 993 3651 salutem
1020 3591 1079 3649 filii
1103 3591 1184 3667 peie-

141 3710 158 3756 6
179 3703 290 3758 rasset.
333 3697 423 3758 Facit
446 3696 505 3756 hoc
529 3696 669 3772 Regulus
693 3716 756 3755 non
780 3697 884 3757 minus
913 3696 1062 3757 scelerate
1090 3715 1184 3773 quam
