2664 4170
184 269 225 332 50
607 278 639 331 1.
656 278 757 327 rann

183 453 234 512 vel
251 458 365 529 puncto
386 450 534 527 temporis
557 450 740 525 solebamus,
755 451 885 509 eandem
906 470 993 510 nunc
1017 457 1050 511 et
1073 454 1128 530 qui
1150 472 1192 512 re

184 560 280 618 citare
302 557 406 634 etqui
428 555 536 614 audire
558 555 663 613 triduo
683 554 784 614 velint
805 554 1023 632 inveniuntur,
1040 577 1105 617 non
1119 559 1189 635 quia

184 662 381 739 eloquentius
396 680 489 738 quarn
503 661 599 736 prius,
615 659 670 718 sed
688 660 762 737 quia
782 659 921 734 liberius,
937 661 1074 739 ideoque
1097 664 1189 721 etiam

184 769 333 828 libentius
359 767 512 826 scribitur.
556 765 695 824 Accedet
716 784 789 840 ergo
814 764 871 824 hoc
892 785 1019 845 quoque
1042 767 1214 828 laudibus?

149 887 163 930 5
184 874 335 951 principis
357 872 466 944 nostri,
489 871 571 947 quod
592 888 641 929 res
663 876 755 929 antea
776 876 841 929 tarn
862 870 966 929 invisa
988 891 1086 948 quam
1108 874 1187 932 falsa

184 998 266 1038 nunc
277 986 313 1037 ut
324 996 398 1036 vera
413 977 458 1035 ita
471 976 615 1036 amabilis
629 977 715 1035 facta
729 981 786 1034 est.
820 976 880 1035 Sed
895 994 951 1051 ego
962 995 1036 1035 cnm
1049 979 1186 1038 studium
1201 993 1213 1037 8

184 1084 379 1145 audientium
415 1089 481 1140 turn
510 1080 660 1139 iudicium
687 1081 771 1140 mire·
792 1081 938 1158 probavi:
975 1082 1185 1143 animadverti

184 1191 267 1248 enim
289 1187 487 1247 severissima
503 1204 644 1262 quaeque
659 1185 709 1243 vel
731 1185 866 1244 maxime
888 1186 1081 1246 satisfacere.
1126 1191 1212 1248 Met

185 1296 261 1353 mini
289 1294 415 1370 quidem
443 1311 491 1349 me
519 1310 582 1348 non
611 1290 719 1350 multis
753 1291 901 1351 recitasse
929 1293 1015 1368 quod
1044 1296 1185 1355 omnibus

137 1414 165 1458 10
185 1401 305 1477 scripsi,
321 1398 421 1456 nihilo
436 1397 538 1455 minus
553 1402 668 1470 tamen,
684 1401 844 1472 tamquam
859 1396 902 1455 sit
916 1396 1026 1455 eadem
1048 1401 1184 1459 omnium

185 1509 292 1565 futura
318 1502 482 1576 sententia,
505 1501 562 1560 hac
584 1501 751 1560 severitate
773 1500 894 1559 aurium
915 1500 1026 1577 laetor,
1049 1522 1085 1564 ac
1108 1506 1185 1568 sicut

185 1615 260 1673 olim
275 1617 399 1675 theatra
420 1616 500 1675 11111
522 1617 656 1676 musicos
673 1635 783 1676 canere
797 1618 979 1692 docuerunt,
994 1617 1044 1676 ita
1056 1617 1185 1676 nuncin

186 1739 272 1796 spem
294 1722 430 1780 adducor
445 1741 534 1798 posse
555 1722 624 1780 fieri
645 1729 681 1781 ut
702 1723 810 1781 eadem
830 1722 956 1781 theatra
976 1722 1057 1782 bene
1079 1740 1184 1782 canere

186 1826 319 1885 musicos
334 1827 473 1886 doceant.
517 1827 631 1886 Omnes
653 1827 736 1885 enim
757 1827 812 1904 qui
833 1826 978 1903 placendi
1000 1846 1097 1888 causa
1119 1827 1221 1887 scri-1⁰

138 1942 165 1984 15
185 1931 264 1989 bunt
279 1931 385 2007 qualia
400 1932 520 2008 placere
541 1933 680 1991 viderint
701 1932 845 1991 scribent.
889 1932 936 1990 Ac
957 1932 1038 1991 mihi
1061 1933 1184 2011 quidem

186 2036 307 2094 confido
322 2038 355 2095 in
369 2037 427 2095 hoc
442 2055 552 2111 genere
568 2037 715 2096 materiae
733 2037 874 2096 laetioris
895 2037 962 2096 stili
985 2043 1130 2098 constare
1145 2057 1186 2096 ra·

186 2142 310 2216 tionem,
327 2160 396 2199 cum
412 2161 449 2201 ea
463 2142 567 2219 potius
581 2161 660 2219 quae
675 2142 812 2219 pressius
834 2148 867 2201 et
888 2142 1074 2202 adstrictius
1095 2162 1186 2220 quam

187 2246 243 2305 illa
267 2266 345 2323 quae
375 2247 506 2306 hilarius
535 2253 567 2306 et
595 2249 685 2325 quasi
714 2248 908 2307 exultantius
930 2248 1043 2325 scripsi
1065 2249 1186 2326 possint

187 2352 288 2409 videri
303 2353 452 2412 arcessita
466 2359 497 2411 11
512 2353 655 2412 inducta:
679 2373 741 2412 non
756 2353 825 2412 ideo
846 2359 951 2412 tamen
973 2354 1103 2429 segnius
1124 2372 1187 2432 pre·

138 2468 167 2512 20
188 2464 292 2516 corut
309 2459 494 2534 quandoque
511 2458 617 2517 veniat
639 2459 706 2517 dies
730 2458 926 2536 (utinamque
947 2459 1011 2518 iam
1032 2459 1156 2519 venerit
1166 2460 1185 2540 1)

188 2581 249 2638 qno
272 2563 405 2622 austeris
430 2563 494 2622 illis
516 2563 694 2640 severisque
715 2564 820 2622 dulcia
840 2563 916 2623 haec
937 2563 1118 2642 blandaque
1138 2563 1187 2623 vel

188 2665 271 2725 iusta
298 2668 493 2744 possessione
522 2669 681 2727 decedant.
739 2668 846 2727 Habes
874 2674 944 2728 1111
971 2688 1041 2728 mea
1069 2669 1228 2743 tridui311

188 2771 301 2847 quibus
323 2773 456 2848 cognitis
478 2773 563 2832 volui
585 2779 708 2832 tantum
728 2779 759 2831 11
781 2773 953 2850 voluptatis
974 2774 1138 2833 absentem
1158 2779 1189 2832 et

189 2877 363 2935 studiorum
378 2879 502 2936 nomine
517 2885 549 2938 et
563 2897 630 2937 meo
647 2897 766 2955 capere,
782 2883 933 2954 quantum
954 2896 1104 2955 praesens
1124 2897 1190 2956 per·

140 2996 169 3039 25
189 2981 291 3057 cipere
307 2983 469 3058 potuisses,
513 2984 598 3044 Vale.

519 3141 537 3169 ³
586 3167 639 3227 19.
668 3164 784 3245 (xix.)

168 3230 255 3403 J
362 3324 390 3373 Ο.
417 3324 561 3374 PLINIUS
585 3325 756 3375 CALVISIO
780 3325 874 3374 RUFO
899 3325 966 3375 SUO
991 3325 1017 3376 S.

262 3472 344 3533 Pliny
362 3473 424 3522 ecles
442 3474 530 3522 advice
548 3474 629 3522 111011
647 3474 688 3522 tte
702 3475 834 3534 porcherae
852 3474 884 3535 os
897 3474 1010 3523 another
1027 3480 1117 3524 estate.

230 3617 369 3676 Adsumo
384 3623 415 3676 11
431 3618 463 3675 in
478 3617 642 3677 consilium
657 3618 702 3676 rei
717 3618 891 3692 familiaris,
907 3623 943 3677 ut
965 3618 1056 3677 soleo,
1101 3620 1194 3679 Prae·
1212 3629 1226 3674 1

191 3720 243 3779 dia
263 3722 347 3796 agris
368 3723 445 3781 meis
463 3723 568 3782 vicina
589 3729 683 3801 atque
704 3723 800 3782 etiam
820 3724 939 3782 inserta
960 3723 1085 3783 venalia
1106 3731 1191 3785 sunt.
