2664 4170
184 252 226 318 58
606 262 636 314 c.
659 262 758 312 runu

183 437 304 496 culator
318 436 351 494 in
363 436 431 494 foro
445 435 567 511 legeris,
578 439 681 514 ἐπάρας
696 434 825 508 scilicet,
837 440 873 494 ut
887 435 937 494 ait
952 436 1190 507 Demosthenes,

184 545 234 620 τὴν
263 544 358 619 φωνὴν
386 541 581 621 καῖ’γεγηθὼς
610 543 655 601 καὶ
682 543 865 621 λαρυγγίζων.
924 541 986 600 Est·
1016 541 1103 599 enim
1130 546 1215 598 tam?

184 647 309 724 ineptus
329 653 364 705 ut
378 647 475 706 risum
491 646 589 722 magis
604 646 705 723 possit
718 645 893 722 exprimere
908 664 1008 722 quam
1024 645 1187 720 gemitum:

184 753 291 812 credas
306 752 421 811 nonde
436 770 531 828 puero
547 750 699 828 scriptum
714 751 769 811 sed
783 769 801 810 a
815 768 920 827 puero.
967 750 1058 810 Vale.

580 1023 632 1082 45.
663 1018 784 1100 (viu.)

326 1191 355 1240 C.
382 1189 527 1239 PLINIUS
550 1188 705 1238 MATURO
727 1188 896 1238 ARRIANO
920 1189 991 1239 SUO
1015 1190 1043 1240 S.

300 1349 382 1408 Pliny
394 1349 514 1397 succeeds
527 1348 677 1396 Frontinus
689 1348 718 1396 in
730 1347 773 1397 tte
789 1344 894 1409 Collegae
907 1347 939 1409 os
946 1347 1071 1410 Augure.

149 1509 163 1552 5
225 1492 400 1552 Gratularis
435 1493 514 1551 mihi
545 1492 628 1569 quod
658 1492 830 1569 acceperim
859 1499 1061 1567 auguratum.
1120 1495 1212 1554 Iurel

184 1598 360 1674 gratularis,
384 1598 527 1674 primum,
551 1597 634 1674 quod
656 1597 834 1672 gravissimi
858 1597 1013 1674 principis
1038 1600 1186 1660 iudicium

184 1705 218 1761 in
232 1703 404 1762 minoribus
420 1703 513 1761 etiarn
532 1704 624 1762 rebus
642 1702 789 1779 consequi
806 1702 973 1780 pulchrum
992 1710 1051 1778 est,
1068 1705 1187 1775 deinde,

184 1810 268 1886 quod
284 1808 491 1869 sacerdotium
506 1808 609 1884 ipsum
624 1826 694 1866 cum
709 1808 846 1886 priscum
867 1813 898 1866 et
915 1807 1104 1884 religiosum
1126 1817 1187 1870 tum

184 1917 242 1974 hoc
258 1933 380 1991 quoque
397 1933 517 1973 sacrum
533 1914 625 1990 plane
640 1920 671 1972 et
690 1913 813 1989 insigne
830 1919 878 1973 est
898 1914 982 1990 quod
1000 1934 1065 1974 non
1083 1916 1189 1976 adimi-

136 2032 164 2075 10
184 2028 237 2080 tur
252 2020 379 2078 viventi.
423 2020 504 2077 Nam
521 2019 584 2077 alia
594 2037 782 2095 quamquam
794 2018 949 2094 dignitate
961 2022 1188 2097 propemodum
1203 2025 1214 2069 2

184 2126 273 2202 paria
291 2132 326 2183 ut
343 2125 524 2183 tribuuntur
542 2125 585 2184 sic
608 2125 804 2198 auferuntur,
825 2125 859 2182 in
875 2124 934 2183 hoc
951 2125 1102 2186 fortunae
1124 2128 1189 2187 hac·

184 2238 276 2289 tenus
296 2230 370 2288 licet
387 2235 423 2287 ut
439 2229 507 2287 dari
525 2228 632 2305 possit.
676 2228 759 2286 Mihi
773 2247 846 2287 vero
866 2228 948 2287 illud
969 2230 1067 2290 etiam
1090 2239 1189 2309 gratu·
1204 2235 1215 2279 3

184 2338 301 2396 latione
330 2336 458 2410 dignum
488 2335 612 2393 videtur
640 2336 723 2412 quod
752 2334 885 2395 successi
913 2335 997 2394 Iulio
1026 2337 1187 2411 Frontino,

185 2442 319 2519 principi
334 2442 409 2515 vire,
426 2441 480 2517 qui
496 2459 545 2498 me
562 2440 786 2499 nominationis
805 2440 855 2500 die
872 2459 927 2518 per
944 2441 1001 2501 hos
1023 2443 1187 2502 continuos

136 2561 164 2604 15
185 2567 282 2607 annos
308 2548 389 2605 inter
415 2547 589 2606 sacerdotes
618 2546 808 2620 nominabat,
833 2552 994 2624 tamquam
1023 2549 1059 2607 in
1087 2549 1187 2609 locum

186 2673 275 2712 suum
297 2657 471 2728 cooptaret3
501 2651 584 2727 quod
604 2671 687 2709 nunc
710 2657 840 2712 eventus
861 2653 907 2712 ita
926 2655 1135 2731 conprobavit
1155 2660 1188 2713 ut

184 2778 247 2817 non
268 2758 435 2816 fortuitum
454 2757 621 2815 videretur.
664 2759 708 2815 Te
730 2757 866 2834 quidem,
884 2763 920 2817 ut
937 2758 1059 2834 scribis,
1075 2761 1114 2820 ob
1132 2761 1215 2820 hoc4

185 2863 319 2922 maxime
339 2863 474 2921 delectat
491 2869 659 2936 auguratus
677 2881 764 2921 meus
782 2864 865 2938 quod
882 2865 925 2922 M.
947 2863 1073 2924 Tullius
1091 2885 1188 2941 augur

185 2969 255 3026 fuit.
299 2968 441 3027 Laetaris
457 2967 539 3025 enirn
558 2967 641 3042 quod
656 2967 825 3026 honoribus
840 2968 906 3028 eius
926 2968 1073 3028 insistam
1096 2990 1188 3048 quem

137 3088 166 3131 20
186 3073 334 3133 aemulari
364 3073 476 3132 studiis
505 3072 604 3148 cupio.
662 3073 724 3131 Sed
754 3073 884 3148 utinam,
913 3079 949 3133 ut
979 3077 1218 3136 sacerdotium5

186 3180 278 3252 idem,
295 3185 330 3237 ut
345 3178 540 3237 consulatum
556 3177 656 3236 multo
671 3178 765 3236 etiam
780 3179 922 3237 iuvenior
938 3199 1032 3256 quarn
1047 3181 1104 3241 ille
1119 3202 1188 3242 sum

186 3290 377 3357 consecutus,
399 3284 445 3342 ita
469 3302 577 3343 senex·
592 3284 702 3342 saltem
731 3283 891 3358 ingenium
919 3284 985 3344 eius
1015 3285 1123 3364 aliqua
1152 3306 1189 3346 ex

186 3395 274 3466 parte
290 3389 419 3465 adsequi
434 3389 567 3465 possim!
612 3388 673 3447 Sed
687 3388 844 3462 nimirum,
861 3408 939 3466 quae
956 3391 1079 3450 suntin
1095 3412 1190 3452 manu
1208 3401 1222 3446 6

186 3495 346 3553 hominurn
368 3499 400 3552 et
424 3493 503 3552 mihi
526 3499 557 3552 et
582 3493 689 3552 multis
715 3493 922 3569 contigerunt,
948 3495 1028 3553 illud
1053 3515 1130 3556 vero
1154 3503 1191 3557 ut

137 3617 165 3662 25
186 3599 317 3675 adipisci
332 3599 463 3658 arduum
479 3598 522 3658 sio
542 3599 636 3658 etiam
653 3617 777 3674 sperare
796 3599 928 3658 nimium
948 3601 1100 3677 estquod
1121 3602 1192 3662 dari

185 3724 248 3763 non
262 3703 324 3763 nisi
339 3723 358 3763 a
372 3703 439 3763 deis
454 3709 565 3781 potest.
609 3703 695 3765 Vale.
