2664 4170
487 229 747 282 nrrsrunrnuu
767 233 814 282 rv.
836 234 874 283 17.
1139 220 1180 284 63

177 401 267 471 Quod
290 401 438 461 admones
460 401 577 476 gratias
598 421 664 478 ago,
687 403 770 480 quod
794 423 884 479 rogas
905 423 1024 480 queror.
1068 403 1181 462 Admo

177 506 246 565 neri
268 506 352 565 enim
373 507 479 581 debeo,
502 512 538 566 ut
560 507 663 582 sciam,
685 509 787 582 rogari
808 527 869 567 nou
892 509 987 568 debeo
1009 515 1045 568 ut
1065 508 1179 567 faciam

138 625 155 670 2
177 611 263 689 quod
287 611 365 670 mihi
386 631 450 670 non
474 612 577 671 facere
601 613 818 690 turpissimum
843 619 899 673 est.
943 614 993 671 An
1018 631 1074 689 ego
1098 613 1180 672 tueri

178 717 294 777 Corelli
322 716 420 776 filiam
452 717 618 776 dubitem?
660 719 719 778 Est
750 719 876 795 quidem
908 719 985 777 mihi
1017 737 1087 777 cum
1118 718 1180 778 isto

177 828 288 882 contra
305 840 398 899 quem
414 841 463 881 me
478 823 611 883 advocas
631 842 693 881 non
712 823 804 900 plane
818 824 985 884 familiaris
1001 824 1056 883 sed
1075 831 1178 883 tamen
1199 835 1215 880 6

140 943 156 988 3
178 927 327 987 amicitia.
370 927 503 986 Accedit
523 927 584 987 huc
606 928 744 1003 dignitas
766 929 901 988 hominis
922 935 1016 1006 atque
1039 929 1090 988 hic
1112 929 1180 1006 ipse

178 1033 230 1092 cui
245 1032 421 1092 destinatus
435 1038 484 1092 est
502 1032 615 1107 hon0r;
637 1032 726 1093 cuius
741 1033 831 1093 nohis
848 1033 905 1092 hoc
923 1034 1021 1093 maior
1037 1034 1181 1093 habenda

131 1124 134 1132 ¹
178 1137 356 1197 reverentia
370 1143 418 1197 est
435 1138 519 1214 quod
537 1137 600 1197 iam
615 1138 670 1197 1116
684 1138 786 1197 functi
807 1158 922 1199 sumus.
965 1139 1118 1198 Naturale
1133 1145 1181 1199 est

179 1244 263 1303 enim
278 1248 314 1302 ut
330 1261 367 1302 ea
385 1261 464 1320 quae
481 1243 552 1320 quis
568 1244 701 1321 adeptus
718 1250 766 1304 est
785 1244 852 1321 ipse
873 1263 966 1321 quam
988 1244 1182 1321 amplissima

141 1347 355 1408 coxistimari
385 1347 470 1407 velit.
523 1348 583 1408 Sed
618 1348 696 1407 mihi
730 1349 881 1425 cogitanti
916 1350 1098 1409 adfuturum
1133 1369 1182 1408 me
1203 1365 1231 1410 10

180 1452 297 1514 Corelli
328 1452 412 1512 filiae
444 1453 549 1512 omnia
582 1453 645 1512 ista
675 1454 793 1529 frigida
823 1460 855 1513 et
889 1455 995 1514 inania
1025 1455 1180 1514 videntur.

181 1559 374 1619 Obversatur
401 1557 499 1617 oculis
526 1557 581 1617 ille
605 1558 664 1633 vir,
689 1578 751 1635 quo
779 1559 932 1617 nemiuem
962 1566 1048 1619 aetas
1076 1566 1184 1619 nostra

181 1663 356 1741 graviorem
378 1664 566 1723 sanctiorem
588 1663 783 1723 subtiliorem
805 1663 895 1737 tulit;
921 1683 1013 1741 quem
1035 1684 1092 1741 ego
1113 1684 1183 1724 cum

181 1788 220 1828 ex
242 1769 448 1828 admiratione
470 1768 601 1844 diligere
622 1768 802 1845 coepissem,
825 1770 908 1845 quod
929 1770 1054 1828 evenire
1075 1775 1184 1829 contra

182 1875 271 1949 solet,
294 1874 393 1950 magis
414 1874 585 1934 admiratus
611 1893 688 1948 sum,
711 1879 877 1951 postquam
902 1875 1027 1951 penitus
1050 1876 1181 1952 inspexi.
1205 1896 1232 1940 15

143 1991 159 2037 1
182 1980 312 2057 Inspexi
339 1979 423 2038 enirn
449 1979 591 2057 penitus:
621 1978 702 2037 nihil
731 1998 749 2038 a
776 1999 825 2038 me
853 1979 907 2038 ille
935 1986 1096 2053 secretum,
1122 2000 1183 2039 non

144 2084 327 2160 6ioculare,
353 2104 415 2143 non
444 2084 568 2158 serium,
596 2104 658 2143 non
686 2085 787 2159 triste,
812 2104 874 2143 non
903 2086 1028 2145 laetum.
1071 2087 1185 2145 Adule-

183 2191 343 2252 scentulus
365 2209 457 2264 eram,
474 2195 507 2249 et
527 2189 589 2248 iam
610 2189 688 2248 mihi
710 2191 749 2249 ab
770 2190 826 2248 illo
847 2189 946 2249 honor
966 2196 1060 2266 atque
1080 2191 1184 2266 etiam,

183 2296 304 2357 audebo
332 2296 443 2370 dicere,
472 2295 648 2355 reverentia
675 2301 711 2354 ut
738 2296 862 2372 aequali
890 2296 1070 2356 habebatur.
1124 2296 1184 2355 Ille

182 2421 271 2462 meus
302 2401 337 2460 in
368 2401 513 2478 petendis
545 2400 713 2460 honoribus
739 2401 926 2475 suffragator
951 2407 983 2460 61
1008 2402 1108 2475 testis,
1131 2402 1235 2464 illeso

183 2508 216 2567 in
242 2506 426 2567 incohandis
451 2505 602 2565 deductor
623 2512 654 2564 et
678 2525 790 2579 6611166,
812 2506 867 2565 1116
891 2507 924 2565 111
950 2508 1093 2582 gerendis
1118 2526 1186 2566 con-

184 2612 307 2674 siliator
325 2616 357 2670 et
376 2617 484 2685 rector,
500 2610 554 2669 ille
572 2611 706 2687 denique
724 2611 757 2669 in
774 2611 917 2672 omnihus
932 2612 1040 2672 officiis
1059 2613 1184 2687 nostris,

184 2736 375 2796 quamquam
395 2721 427 2775 et
448 2715 612 2776 inbecillus
634 2721 666 2775 et
687 2717 798 2790 senior,
814 2717 904 2793 quasi
922 2717 1044 2777 iuvenis
1065 2724 1096 2776 et
1113 2718 1187 2776 vali-

147 2834 162 2879 1
185 2824 243 2884 dus
265 2821 521 2899 conspiciebatur.
565 2822 721 2892 Quantum
742 2821 797 2880 ille
814 2822 915 2881 famae
937 2841 1023 2881 meae
1045 2823 1137 2896 domi,
1154 2823 1186 2881 in

148 2942 164 2987 8
184 2928 319 3006 publico,
332 2933 484 3005 quantum
499 2927 593 2986 etiam
608 2928 692 3005 apud
706 2926 878 3004 principem
894 2927 1069 2986 adstruxit!
1105 2928 1187 2986 Nam
1207 2948 1236 2992 25

185 3053 254 3093 cum
271 3033 353 3092 forte
371 3033 410 3092 de
425 3032 515 3092 bonis
529 3032 694 3092 iuvenibus
710 3033 791 3109 apud
812 3033 949 3091 Nervam
968 3032 1186 3108 imperatorem

186 3159 287 3200 sermo
303 3138 467 3198 incidisset
485 3144 517 3197 et
532 3137 673 3216 plerique
692 3157 741 3196 me
760 3138 906 3197 laudibus
927 3138 1055 3213 ferrent,
1073 3137 1188 3215 paulis-

186 3264 241 3323 per
261 3264 293 3305 se
313 3244 398 3303 intra
416 3243 577 3303 silentium
594 3244 705 3317 tenuit,
725 3243 808 3318 quod
828 3243 876 3300 illi
895 3243 1064 3320 plurimum
1086 3249 1187 3302 aucto

186 3349 292 3410 ritatis
317 3348 467 3423 addebat;
493 3348 606 3406 deinde
631 3347 785 3423 gravitate
810 3367 902 3424 quam
928 3367 1018 3408 noras
1045 3354 1187 3407 ‘necesse

187 3457 251 3516 est'
273 3455 377 3532 inquit
399 3453 540 3531 ‘parcius
565 3453 688 3513 laudem
714 3453 899 3526 Secundum,
922 3453 996 3529 quia
1020 3453 1101 3511 nihil
1125 3453 1187 3513 nisi
1208 3476 1236 3521 30

151 3575 167 3620 9
187 3581 226 3620 ex
246 3560 377 3620 consilio
397 3577 466 3618 meo
488 3558 585 3618 facit’
626 3559 694 3629 Qua
711 3577 784 3617 voce
805 3558 917 3617 tribuit
938 3558 1016 3616 mihi
1035 3564 1187 3636 quantum

187 3672 294 3753 petere
308 3672 381 3726 voto
400 3666 589 3732 inmodicum
610 3670 684 3749 erat,
700 3663 780 3721 nihil
799 3682 848 3722 me
868 3663 970 3733 facere
990 3683 1051 3722 non
1070 3665 1189 3754 sapien-
