2664 4170
472 255 735 308 nrrsrumnuu
759 255 796 305 11.
816 256 855 306 ro.
1119 242 1161 306 25

157 427 302 487 omnibus
322 446 405 487 nunc
426 446 483 503 cgo
503 427 537 486 in
557 446 620 487 uno
641 428 758 486 referre
773 427 906 502 gratiam
920 446 1057 504 possum.
1099 426 1161 486 Ita·

157 551 218 611 que
240 551 352 610 prenso
373 533 498 608 amicos,
516 533 669 611 supplice,
684 533 796 607 ambio,
819 533 925 592 domos
948 533 1160 609 stationesque

157 639 321 713 circumeo,
336 648 550 716 quantumque
564 639 615 697 vel
637 639 824 698 auctoritate
845 638 895 696 vel
918 637 1019 713 gratia
1039 637 1160 697 valeam

120 754 136 799 6
156 744 301 821 precibus
323 743 474 820 experior.
516 744 623 820 Teque
637 743 763 802 obsecro
778 749 813 802 ut
827 742 964 819 aliquam
979 743 1082 802 oneris
1100 743 1160 801 mei

156 855 278 926 partem
290 849 447 926 suscipere
458 848 539 907 tanti
551 854 650 925 putes.
693 848 837 907 Reddam
849 848 957 921 vicem,
970 847 998 907 si
1008 865 1159 924 reposces,
1180 858 1195 902 t

156 954 285 1014 reddam
302 959 334 1012 et
353 953 380 1013 si
399 973 462 1012 non
480 971 631 1030 reposces.
674 952 833 1028 Diligeris,
848 952 969 1025 coleris,
984 952 1162 1029 frequenta

156 1059 217 1119 ris:
240 1059 370 1118 ostende
384 1059 476 1117 modo
492 1058 572 1117 velle
586 1066 627 1133 te,
643 1076 699 1117 neo
714 1058 845 1117 deerunt
859 1057 914 1134 qui
929 1057 1012 1135 quod
1031 1062 1067 1116 tu
1081 1057 1160 1117 velis

156 1164 293 1242 cupiant.
335 1164 422 1225 Vale.

585 1270 638 1331 2³.
667 1268 735 1349 (Χ.)

71 1386 206 1626 f
396 1427 426 1479 C.
451 1427 594 1477 PLINIUS
618 1425 779 1478 OCTAVIO
803 1425 870 1476 SUO
894 1426 920 1476 S.

485 1561 666 1610 Exlonatlon
677 1566 705 1610 to
712 1560 832 1622 publicl.

122 1708 135 1751 1
190 1694 367 1754 Hominem
391 1698 423 1753 te
447 1692 619 1771 patientem
648 1692 697 1751 vel
726 1690 831 1770 potius
859 1692 969 1751 durum
999 1711 1034 1752 ae
1062 1712 1159 1770 paene

121 1816 136 1861 2
156 1801 325 1874 crudelem,
337 1798 392 1876 qui
403 1804 468 1857 tam
482 1797 623 1872 insignes
633 1797 731 1856 libros
742 1802 807 1856 tam
822 1797 878 1856 diu
892 1801 1016 1857 teneas!
1045 1798 1160 1868 Quous
1181 1810 1210 1854 10

157 1926 217 1986 que
239 1912 271 1964 et
291 1904 350 1964 tibi
372 1909 403 1963 et
423 1903 514 1962 nobis
535 1902 701 1976 invidebis,
717 1902 776 1961 tibi
797 1903 935 1961 maxima
953 1903 1054 1977 laude,
1069 1903 1159 1963 nobis

49 2067 51 2071 .
155 2011 346 2089 voluptate?
389 2009 463 2068 Sine
489 2026 618 2085 perora
642 2007 804 2066 hominum
826 2008 969 2066 ferantur
997 2007 1159 2084 isdemque

156 2118 271 2195 quibus
296 2114 405 2190 lingua
428 2114 570 2172 Romana
592 2112 702 2189 spatiis
728 2119 945 2189 pervagentur.
988 2113 1105 2188 Magna
1128 2119 1160 2173 et

156 2224 219 2283 iam
233 2222 327 2297 longa
341 2217 517 2297 expectatio
531 2223 589 2292 est,
601 2237 694 2294 quam
710 2217 856 2278 frustrari
871 2218 972 2277 adhuc
987 2224 1018 2277 et
1033 2218 1159 2277 differre

120 2345 219 2389 anon
240 2327 342 2387 debes.
384 2326 583 2383 Enotuerunt
604 2323 731 2400 quidam
752 2323 799 2382 tui
821 2342 930 2383 versus
952 2330 984 2384 et
1005 2324 1107 2383 invito
1127 2330 1159 2381 te
1180 2336 1208 2380 111

156 2434 296 2493 claustra
317 2448 373 2491 sua
394 2430 599 2504 refregerunt.
643 2430 711 2488 Hos
736 2428 799 2488 nisi
820 2429 954 2489 retrahis
979 2429 1012 2487 in
1037 2448 1158 2506 corpus,

156 2537 343 2616 quandoque
362 2539 539 2594 ut-errones
560 2533 697 2610 aliquem
715 2533 804 2593 cuius
823 2533 968 2593 dicantur
986 2533 1156 2593 invenient.

119 2661 135 2704 4
156 2643 247 2702 Habe
263 2647 337 2701 ante
351 2639 456 2699 oculos
471 2638 705 2712 mortalitatem,
719 2657 810 2714 aqua
821 2639 963 2697 adserere
977 2645 1008 2698 te
1023 2638 1080 2697 hoc
1095 2658 1158 2698 uno

154 2747 347 2808 monimento
370 2749 474 2822 potes:
507 2762 579 2803 nam
608 2747 711 2802 cetera
737 2743 865 2819 fragilia
892 2748 924 2802 et
951 2743 1068 2803 caduca
1095 2763 1158 2803 non

155 2854 259 2913 minus
275 2870 368 2929 quam
385 2849 448 2927 ipsi
467 2849 609 2908 homines
629 2848 774 2907 occidunt
794 2848 1010 2925 desinuntque.
1054 2849 1156 2924 Dices,
1178 2864 1207 2908 20

118 2965 191 3017 eut
214 2958 304 3031 soles,
328 2954 438 3015 ‘amici
466 2953 528 3012 mei
556 2954 714 3012 viderint)
759 2954 841 3031 Opto
869 2954 1013 3031 equidem
1042 2955 1157 3015 amicos

154 3063 213 3123 tibi
232 3069 297 3122 tam
312 3060 430 3134 fideles,
446 3065 509 3118 tam
533 3059 679 3132 eruditos,
695 3065 760 3117 tam
781 3059 961 3133 laboriosos,
976 3065 1012 3118 ut
1033 3065 1157 3118 tantum

154 3187 247 3228 curae
268 3165 516 3241 intentionisque
542 3164 700 3240 suscipere
722 3169 753 3223 et
774 3165 897 3240 possint
918 3169 949 3224 et
970 3165 1078 3239 velint,
1102 3165 1157 3224 sed

154 3273 273 3350 dispice
287 3290 326 3330 ne
341 3271 384 3330 sit
397 3289 508 3347 pamm
523 3268 689 3346 providum
704 3288 828 3346 sperare
843 3288 882 3327 ex
902 3268 972 3329 aliis
993 3270 1075 3345 quod
1097 3270 1156 3329 tibi

117 3377 221 3455 cipse
241 3396 304 3436 non
325 3379 473 3453 praestes.
516 3375 559 3433 Et
583 3375 621 3432 de
646 3373 783 3433 editione
812 3375 938 3450 quidem
966 3375 1092 3433 interim
1121 3381 1157 3434 ut
1176 3391 1205 3434 25
1264 3351 1266 3356 ¹

70 3540 74 3546 .
152 3483 256 3542 voles:
286 3481 384 3541 recita
405 3479 526 3553 saltem,
548 3499 610 3556 quo
630 3479 730 3554 magis
758 3480 856 3539 libeat
883 3480 1036 3554 emittere,
1059 3485 1155 3556 utque

152 3588 282 3649 tandem
306 3585 461 3664 percipias
487 3584 644 3659 gaudium,
671 3586 754 3662 quod
779 3604 835 3661 ego
860 3585 934 3644 olim
959 3604 1015 3662 pro
1039 3590 1156 3644 tenen

116 3709 131 3756 1
152 3700 269 3755 temere
290 3710 462 3771 praesumo.
516 3690 676 3766 Imaginor
697 3690 780 3750 enim
802 3690 856 3768 qui
877 3709 1053 3767 concursus,
1076 3709 1155 3767 quae
