2664 4170
184 229 225 296 28
610 245 639 298 c.
659 247 759 297 rann

183 436 268 475 mum
283 422 339 476 est.
384 417 427 476 At
441 418 566 477 hercule
581 424 653 478 ante
668 419 848 478 memoriam
862 438 963 479 meam
979 420 1041 499 (ita
1054 421 1194 482 maiores

183 528 260 581 natu
282 522 383 581 solent
406 523 522 603 dicere)
544 543 583 582 ne
607 524 811 584 nobilissimis
836 525 962 602 quidem
982 527 1195 586 adulescenti-

183 627 241 686 bus
256 627 342 686 locus
353 634 420 687 erat
432 629 493 687 nisi
507 629 613 706 aliquo
628 630 784 689 consulari
798 631 1004 706 producente:
1038 637 1134 691 tanta
1145 652 1194 691 ve-

183 732 345 791 neratione
359 733 603 810 pulcherrimum
625 753 702 810 opus
717 735 884 793 colebatur.
926 736 1020 794 Nunc
1043 737 1193 797 refractis
1212 751 1227 796 4

148 849 162 893 5
184 837 312 914 pudoris
334 843 366 896 et
387 839 579 898 reverentiae
601 840 747 898 claustris
773 839 878 898 omnia
901 845 1010 917 patent
1034 841 1192 916 omnibus,

183 961 239 1001 nec
264 943 454 1002 inducuntur
479 944 534 1003 sed
558 944 749 1021 inrumpunt.
794 945 946 1004 Secuntur
964 945 1126 1006 auditores
1147 966 1194 1006 ac-

184 1047 304 1107 toribus
320 1047 449 1122 similes,
465 1049 610 1107 conducti
630 1055 662 1107 et
681 1050 851 1126 redempti:
876 1068 1023 1126 manceps
1046 1053 1193 1110 conveni-

184 1158 251 1212 tur:
282 1153 315 1210 in
342 1154 446 1212 media
473 1154 603 1213 basilica
626 1159 691 1213 tam
719 1154 823 1232 palam
852 1155 1010 1231 sportulae
1035 1174 1133 1232 quam
1157 1158 1191 1214 in

184 1258 322 1317 triclinio
347 1258 477 1317 dantur:
509 1277 548 1317 ex
573 1258 689 1317 iudicio
713 1259 746 1316 in
768 1259 920 1318 iudicium
949 1259 1016 1337 pari
1046 1263 1191 1321 mercede

136 1377 164 1421 10
184 1363 343 1422 transitur.
401 1363 480 1421 Inde
508 1363 571 1421 iarn
599 1382 662 1421 non
686 1363 838 1422 inurbane
856 1367 1014 1439 Σοφοκλεῖς
1035 1372 1223 1425 1000111010

186 1467 257 1546 [ἀπὸ
267 1473 315 1527 τοῦ
326 1472 424 1542 σοφῶς
439 1470 483 1527 καὶ
499 1469 676 1548 concludar}
699 1468 798 1528 isdem
813 1468 962 1528 Latinum
976 1488 1089 1528 nomen
1104 1471 1191 1549 inpo

185 1573 280 1632 situm
292 1579 340 1631 est
357 1573 536 1632 Laudiceni.
580 1574 623 1631 Et
646 1578 752 1631 tamen
773 1573 885 1632 crescit
907 1573 940 1631 in
961 1574 1028 1634 dies
1051 1575 1189 1636 foeditas
1208 1593 1222 1638 6

184 1683 315 1754 utraque
343 1677 452 1751 lingua
479 1683 595 1737 notata.
648 1679 734 1737 Here
763 1679 823 1737 duo
850 1678 1099 1739 nomenclatores
1128 1681 1190 1740 mei

186 1783 316 1861 (habent
331 1801 405 1842 sane
420 1788 554 1841 aetatem
569 1801 675 1841 eorum
691 1783 745 1860 qui
759 1802 859 1859 nuper
873 1789 962 1859 togas
980 1786 1187 1865 sumpserint)

136 1905 163 1949 15
184 1889 281 1947 ternis
297 1887 434 1947 denariis
446 1888 485 1946 ad
496 1888 688 1946 laudandum
699 1888 912 1947 trahebantur.
954 1889 1050 1948 Tanti
1065 1897 1189 1951 constat

184 1999 220 2051 ut
243 1993 286 2052 sis
314 1992 550 2052 disertissimus.
594 1994 663 2051 Hoc
691 1993 793 2070 pretio
822 1994 995 2070 quamlibet
1021 2013 1190 2056 numerosa

185 2098 334 2172 subsellia
354 2098 524 2174 inplentur,
539 2098 597 2156 hoc
620 2098 730 2172 ingens
752 2117 865 2157 corona
879 2098 1046 2174 colligitur,
1062 2099 1122 2159 hoc
1146 2101 1190 2159 in-

184 2203 267 2262 finiti
285 2204 434 2263 clamores
451 2208 693 2277 commoventur,
709 2221 778 2261 cum
800 2203 998 2264 mesochorus
1020 2205 1108 2264 dedit
1131 2206 1189 2281 sig·
1207 2222 1219 2268 7

184 2328 276 2367 num:
299 2327 376 2385 opus
402 2314 449 2367 est
474 2308 558 2366 enim
584 2307 672 2382 signo
698 2309 781 2384 apud
806 2327 868 2367 non
892 2308 1122 2385 intellegentes,
1150 2329 1188 2369 ne

135 2427 165 2471 20
185 2413 347 2472 audientes
369 2413 510 2489 quidem;
540 2431 613 2471 uam
634 2413 775 2490 plerique
796 2432 859 2472 non
881 2414 1023 2488 audiunt,
1044 2433 1102 2474 nec
1130 2415 1220 2474 ullis

184 2521 283 2593 magis
308 2519 446 2578 laudant.
491 2519 525 2578 si
552 2519 676 2596 quando
705 2518 854 2578 transibis
883 2539 938 2596 per
965 2519 1129 2580 basilicam
1157 2526 1188 2580 et

185 2625 270 2683 voles
292 2625 371 2683 scire
392 2644 453 2702 quo
474 2625 565 2684 modo
587 2625 719 2701 quisque
742 2625 835 2698 dicat,
857 2624 939 2683 nihil
961 2626 1114 2703 estquod
1136 2627 1188 2686 tri-

184 2730 279 2789 bunal
301 2730 458 2804 ascendas,
480 2730 561 2788 nihil
586 2731 669 2807 quod
695 2730 842 2807 praebeas
864 2749 987 2806 aurem3
1016 2731 1122 2792 facilis
1145 2732 1188 2791 di-

184 2835 320 2894 vinatio:
344 2835 422 2894 scito
437 2853 507 2893 eum
521 2835 656 2912 pessime
671 2835 773 2894 dicere
786 2835 840 2912 qui
852 2835 1030 2896 laudabitur
1041 2837 1186 2896 maxime.

135 2927 310 3000 as'Primus
331 2941 414 2999 huno
436 2941 583 2999 audiendi
605 2959 722 3000 morem
745 2940 871 3000 induxit
892 2941 1026 3016 Largius
1047 2942 1187 3017 Licinus,
1206 2955 1221 3000 9

184 3047 335 3105 hactenus
362 3051 469 3104 tamen
496 3051 532 3104 ut
557 3045 716 3106 auditores
744 3051 947 3121 corrogaretr
964 3046 1010 3106 ita
1037 3053 1121 3107 certe
1150 3067 1188 3106 ex
1207 3062 1234 3108 10

185 3150 388 3224 Quintiliano,
403 3157 602 3227 praeceptore
616 3170 693 3224 mec,
710 3151 834 3210 audisse
849 3151 987 3210 memini.
1029 3152 1189 3212 Narrabat

184 3256 239 3315 ille
256 3255 455 3315 ‘adsectabar
474 3255 647 3314 Domitium
667 3256 798 3314 Afrum:
821 3275 891 3314 cum
914 3256 996 3333 apud
1018 3257 1189 3316 centumvi-

184 3380 235 3420 ros
250 3360 367 3419 diceret
382 3360 519 3436 graviter
534 3366 565 3419 et
579 3359 663 3418 lente
680 3359 750 3437 (hoc
766 3360 849 3418 enim
867 3360 916 3419 illi
935 3360 1068 3421 actionis
1090 3379 1187 3437 genus

136 3483 165 3529 30
185 3467 276 3546 erat),
292 3465 381 3524 audit
400 3483 439 3524 011
458 3464 598 3541 proximo
620 3464 811 3522 inmodicum
833 3464 1056 3542 insolitumque
1077 3466 1189 3526 clame

185 3589 259 3629 rem.
304 3569 484 3629 Admiratus
514 3568 650 3627 reticuit.
700 3569 764 3628 Ubi
793 3568 953 3628 silentium
981 3570 1100 3628 factum
1129 3578 1187 3646 est,

185 3674 312 3752 repetiit
327 3675 410 3751 quod
424 3674 597 3750 abruperat.
643 3674 762 3732 Iterum
777 3673 900 3748 clamor,
917 3674 1029 3733 iterum
1050 3675 1187 3750 reticuit,
1209 3687 1234 3733 11
