<?xml version="1.0" encoding="UTF-8"?>
<!DOCTYPE html PUBLIC "-//W3C//DTD XHTML 1.0 Transitional//EN"
    "http://www.w3.org/TR/xhtml1/DTD/xhtml1-transitional.dtd">
<html xmlns="http://www.w3.org/1999/xhtml" xml:lang="en" lang="en">
 <head>
  <title>
</title>
<meta http-equiv="Content-Type" content="text/html;charset=utf-8" />
  <meta name='ocr-system' content='tesseract 3.04.00' />
  <meta name='ocr-capabilities' content='ocr_page ocr_carea ocr_par ocr_line ocrx_word'/>
</head>
<body>
  <div class='ocr_page' id='page_1' title='image "./cplinisecundiep02plingoog_0124.png"; bbox 0 0 2664 4170; ppageno 0'>
   <div class='ocr_carea' id='block_1_1' title="bbox 487 241 864 293">
    <p class='ocr_par' dir='ltr' id='par_1_1' title="bbox 487 241 864 293">
     <span class='ocr_line' id='line_1_1' title="bbox 487 241 864 293; baseline 0.003 -2"><span class='ocrx_word' id='word_1_1' title='bbox 487 241 748 292; x_wconf 79' lang='lat' dir='ltr'>EPISTULARUM</span> <span class='ocrx_word' id='word_1_2' title='bbox 773 242 820 292; x_wconf 90' lang='lat' dir='ltr'>VI.</span> <span class='ocrx_word' id='word_1_3' title='bbox 840 243 864 293; x_wconf 85' lang='lat'>2.</span> 
     </span>
    </p>
   </div>
   <div class='ocr_carea' id='block_1_2' title="bbox 492 697 857 762">
    <p class='ocr_par' dir='ltr' id='par_1_2' title="bbox 492 697 857 762">
     <span class='ocr_line' id='line_1_2' title="bbox 492 697 857 762; baseline 0 0"><span class='ocrx_word' id='word_1_4' title='bbox 492 697 634 762; x_wconf 83' lang='lat' dir='ltr'>LIBER</span> <span class='ocrx_word' id='word_1_5' title='bbox 665 697 857 762; x_wconf 84' lang='lat' dir='ltr'>SEXTUS.</span> 
     </span>
    </p>
   </div>
   <div class='ocr_carea' id='block_1_3' title="bbox 414 909 944 1122">
    <p class='ocr_par' dir='ltr' id='par_1_3' title="bbox 414 909 944 1122">
     <span class='ocr_line' id='line_1_3' title="bbox 598 909 753 988; baseline -0.032 -16"><span class='ocrx_word' id='word_1_6' title='bbox 598 911 650 972; x_wconf 75' lang='lat' dir='ltr'>es.</span> <span class='ocrx_word' id='word_1_7' title='bbox 679 909 753 988; x_wconf 85' lang='lat'>(11.)</span> 
     </span>
     <span class='ocr_line' id='line_1_4' title="bbox 414 1069 944 1122; baseline 0 0"><span class='ocrx_word' id='word_1_8' title='bbox 414 1070 445 1122; x_wconf 85' lang='lat' dir='ltr'>C.</span> <span class='ocrx_word' id='word_1_9' title='bbox 469 1070 612 1121; x_wconf 88' lang='lat' dir='ltr'>PLINIUS</span> <span class='ocrx_word' id='word_1_10' title='bbox 635 1069 804 1121; x_wconf 83' lang='lat' dir='ltr'>ARRIANO</span> <span class='ocrx_word' id='word_1_11' title='bbox 828 1071 895 1122; x_wconf 85' lang='lat' dir='ltr'>SUO</span> <span class='ocrx_word' id='word_1_12' title='bbox 918 1071 944 1122; x_wconf 90' lang='lat' dir='ltr'>S.</span> 
     </span>
    </p>
   </div>
   <div class='ocr_carea' id='block_1_4' title="bbox 395 1218 969 1281">
    <p class='ocr_par' dir='ltr' id='par_1_4' title="bbox 395 1218 969 1281">
     <span class='ocr_line' id='line_1_5' title="bbox 395 1218 969 1281; baseline -0.002 -13"><span class='ocrx_word' id='word_1_13' title='bbox 395 1218 449 1268; x_wconf 81' lang='lat' dir='ltr'>Tbe</span> <span class='ocrx_word' id='word_1_14' title='bbox 461 1218 539 1268; x_wconf 82' lang='lat' dir='ltr'>deatb</span> <span class='ocrx_word' id='word_1_15' title='bbox 552 1219 584 1281; x_wconf 82' lang='lat' dir='ltr'>os</span> <span class='ocrx_word' id='word_1_16' title='bbox 591 1218 713 1280; x_wconf 72' lang='lat' dir='ltr'>Regulus</span> <span class='ocrx_word' id='word_1_17' title='bbox 724 1232 741 1268; x_wconf 89' lang='lat' dir='ltr'>a</span> <span class='ocrx_word' id='word_1_18' title='bbox 753 1219 846 1268; x_wconf 72' lang='lat' dir='ltr'>loreto</span> <span class='ocrx_word' id='word_1_19' title='bbox 858 1219 900 1268; x_wconf 70' lang='lat' dir='ltr'>tlte</span> <span class='ocrx_word' id='word_1_20' title='bbox 913 1219 969 1268; x_wconf 85' lang='lat' dir='ltr'>bar.</span> 
     </span>
    </p>
   </div>
   <div class='ocr_carea' id='block_1_5' title="bbox 135 1362 1226 3334">
    <p class='ocr_par' dir='ltr' id='par_1_5' title="bbox 140 1362 1176 1442">
     <span class='ocr_line' id='line_1_6' title="bbox 140 1362 1176 1442; baseline -0.003 -15"><span class='ocrx_word' id='word_1_21' title='bbox 140 1383 153 1427; x_wconf 96' lang='lat'>1</span> <span class='ocrx_word' id='word_1_22' title='bbox 217 1364 307 1426; x_wconf 87' lang='lat' dir='ltr'>Soleo</span> <span class='ocrx_word' id='word_1_23' title='bbox 325 1382 387 1423; x_wconf 92' lang='lat' dir='ltr'>non</span> <span class='ocrx_word' id='word_1_24' title='bbox 407 1382 577 1441; x_wconf 81' lang='lat' dir='ltr'><strong>numquam</strong></span> <span class='ocrx_word' id='word_1_25' title='bbox 594 1366 628 1422; x_wconf 94' lang='lat' dir='ltr'>in</span> <span class='ocrx_word' id='word_1_26' title='bbox 645 1362 771 1423; x_wconf 91' lang='lat' dir='ltr'>iudiciis</span> <span class='ocrx_word' id='word_1_27' title='bbox 790 1382 937 1442; x_wconf 76' lang='lat' dir='ltr'>quaerere</span> <span class='ocrx_word' id='word_1_28' title='bbox 952 1365 994 1422; x_wconf 91' lang='lat' dir='ltr'>M.</span> <span class='ocrx_word' id='word_1_29' title='bbox 1010 1364 1176 1440; x_wconf 86' lang='lat' dir='ltr'>Regulum,</span> 
     </span>
    </p>

    <p class='ocr_par' dir='ltr' id='par_1_6' title="bbox 138 1468 1211 2282">
     <span class='ocr_line' id='line_1_7' title="bbox 138 1468 1178 1546; baseline 0.001 -18"><span class='ocrx_word' id='word_1_30' title='bbox 138 1484 154 1528; x_wconf 85' lang='lat'>2</span> <span class='ocrx_word' id='word_1_31' title='bbox 175 1470 248 1530; x_wconf 91' lang='lat' dir='ltr'>nolo</span> <span class='ocrx_word' id='word_1_32' title='bbox 263 1469 346 1528; x_wconf 91' lang='lat' dir='ltr'>enim</span> <span class='ocrx_word' id='word_1_33' title='bbox 366 1468 477 1543; x_wconf 90' lang='lat' dir='ltr'>dicere,</span> <span class='ocrx_word' id='word_1_34' title='bbox 493 1469 678 1529; x_wconf 86' lang='lat' dir='ltr'>desiderare.</span> <span class='ocrx_word' id='word_1_35' title='bbox 722 1470 784 1529; x_wconf 86' lang='lat' dir='ltr'>Cur</span> <span class='ocrx_word' id='word_1_36' title='bbox 803 1488 876 1546; x_wconf 89' lang='lat' dir='ltr'>ergo</span> <span class='ocrx_word' id='word_1_37' title='bbox 893 1471 1034 1545; x_wconf 90' lang='lat' dir='ltr'>quaero?</span> <span class='ocrx_word' id='word_1_38' title='bbox 1076 1469 1178 1529; x_wconf 89' lang='lat' dir='ltr'>Habe-</span> 
     </span>
     <span class='ocr_line' id='line_1_8' title="bbox 174 1573 1178 1652; baseline -0.003 -16"><span class='ocrx_word' id='word_1_39' title='bbox 174 1577 230 1636; x_wconf 89' lang='lat' dir='ltr'>bat</span> <span class='ocrx_word' id='word_1_40' title='bbox 249 1573 364 1634; x_wconf 85' lang='lat' dir='ltr'>studiis</span> <span class='ocrx_word' id='word_1_41' title='bbox 385 1574 542 1648; x_wconf 85' lang='lat' dir='ltr'>honorem,</span> <span class='ocrx_word' id='word_1_42' title='bbox 562 1574 703 1648; x_wconf 89' lang='lat' dir='ltr'>timebat,</span> <span class='ocrx_word' id='word_1_43' title='bbox 720 1574 868 1652; x_wconf 91' lang='lat' dir='ltr'>pallebat,</span> <span class='ocrx_word' id='word_1_44' title='bbox 890 1574 1053 1649; x_wconf 88' lang='lat' dir='ltr'>scribebat,</span> <span class='ocrx_word' id='word_1_45' title='bbox 1073 1593 1178 1652; x_wconf 92' lang='lat' dir='ltr'>quam-</span> 
     </span>
     <span class='ocr_line' id='line_1_9' title="bbox 174 1678 1177 1757; baseline -0.001 -16"><span class='ocrx_word' id='word_1_46' title='bbox 174 1681 225 1741; x_wconf 80' lang='lat' dir='ltr'>vis</span> <span class='ocrx_word' id='word_1_47' title='bbox 240 1699 303 1738; x_wconf 91' lang='lat' dir='ltr'>non</span> <span class='ocrx_word' id='word_1_48' title='bbox 317 1684 423 1757; x_wconf 89' lang='lat' dir='ltr'>posset</span> <span class='ocrx_word' id='word_1_49' title='bbox 437 1679 581 1739; x_wconf 84' lang='lat' dir='ltr'>ediscere.</span> <span class='ocrx_word' id='word_1_50' title='bbox 624 1678 707 1738; x_wconf 90' lang='lat' dir='ltr'>Illud</span> <span class='ocrx_word' id='word_1_51' title='bbox 725 1679 837 1757; x_wconf 93' lang='lat' dir='ltr'>ipsum,</span> <span class='ocrx_word' id='word_1_52' title='bbox 850 1680 933 1757; x_wconf 91' lang='lat' dir='ltr'>quod</span> <span class='ocrx_word' id='word_1_53' title='bbox 948 1679 1071 1739; x_wconf 88' lang='lat' dir='ltr'>oculum</span> <span class='ocrx_word' id='word_1_54' title='bbox 1086 1680 1177 1740; x_wconf 89' lang='lat' dir='ltr'>modo</span> 
     </span>
     <span class='ocr_line' id='line_1_10' title="bbox 176 1783 1211 1860; baseline -0.001 -15"><span class='ocrx_word' id='word_1_55' title='bbox 176 1786 322 1845; x_wconf 84' lang='lat' dir='ltr'>dextrum</span> <span class='ocrx_word' id='word_1_56' title='bbox 350 1785 441 1844; x_wconf 91' lang='lat' dir='ltr'>modo</span> <span class='ocrx_word' id='word_1_57' title='bbox 469 1783 633 1844; x_wconf 87' lang='lat' dir='ltr'>sinistrum</span> <span class='ocrx_word' id='word_1_58' title='bbox 659 1783 905 1859; x_wconf 90' lang='lat' dir='ltr'>circumlinebat,</span> <span class='ocrx_word' id='word_1_59' title='bbox 932 1785 1085 1860; x_wconf 85' lang='lat' dir='ltr'>dextrum,</span> <span class='ocrx_word' id='word_1_60' title='bbox 1111 1784 1137 1845; x_wconf 92' lang='lat' dir='ltr'>si</span> <span class='ocrx_word' id='word_1_61' title='bbox 1159 1804 1211 1850; x_wconf 83' lang='lat' dir='ltr'>as</span> 
     </span>
     <span class='ocr_line' id='line_1_11' title="bbox 175 1889 1177 1969; baseline -0.001 -20"><span class='ocrx_word' id='word_1_62' title='bbox 175 1891 319 1969; x_wconf 90' lang='lat' dir='ltr'>petitore,</span> <span class='ocrx_word' id='word_1_63' title='bbox 349 1889 491 1964; x_wconf 83' lang='lat' dir='ltr'>alterum,</span> <span class='ocrx_word' id='word_1_64' title='bbox 517 1889 544 1949; x_wconf 90' lang='lat' dir='ltr'>si</span> <span class='ocrx_word' id='word_1_65' title='bbox 572 1908 591 1949; x_wconf 92' lang='lat' dir='ltr'>a</span> <span class='ocrx_word' id='word_1_66' title='bbox 618 1907 795 1967; x_wconf 86' lang='lat' dir='ltr'>possessore</span> <span class='ocrx_word' id='word_1_67' title='bbox 823 1895 907 1949; x_wconf 89' lang='lat' dir='ltr'>esset</span> <span class='ocrx_word' id='word_1_68' title='bbox 934 1895 1068 1964; x_wconf 85' lang='lat' dir='ltr'>acturus,</span> <span class='ocrx_word' id='word_1_69' title='bbox 1094 1889 1177 1966; x_wconf 93' lang='lat' dir='ltr'>quod</span> 
     </span>
     <span class='ocr_line' id='line_1_12' title="bbox 174 1993 1176 2072; baseline -0.004 -16"><span class='ocrx_word' id='word_1_70' title='bbox 174 1995 344 2056; x_wconf 91' lang='lat' dir='ltr'>candidum</span> <span class='ocrx_word' id='word_1_71' title='bbox 380 1994 535 2072; x_wconf 90' lang='lat' dir='ltr'>splenium</span> <span class='ocrx_word' id='word_1_72' title='bbox 570 1994 604 2053; x_wconf 93' lang='lat' dir='ltr'>in</span> <span class='ocrx_word' id='word_1_73' title='bbox 632 1994 690 2054; x_wconf 92' lang='lat' dir='ltr'>hoc</span> <span class='ocrx_word' id='word_1_74' title='bbox 718 2000 772 2054; x_wconf 90' lang='lat' dir='ltr'>aut</span> <span class='ocrx_word' id='word_1_75' title='bbox 799 1994 833 2053; x_wconf 91' lang='lat' dir='ltr'>in</span> <span class='ocrx_word' id='word_1_76' title='bbox 860 1994 941 2054; x_wconf 90' lang='lat' dir='ltr'>illud</span> <span class='ocrx_word' id='word_1_77' title='bbox 975 1993 1176 2072; x_wconf 84' lang='lat' dir='ltr'>supercilium</span> 
     </span>
     <span class='ocr_line' id='line_1_13' title="bbox 173 2099 1176 2177; baseline -0.003 -16"><span class='ocrx_word' id='word_1_78' title='bbox 173 2100 394 2173; x_wconf 75' lang='lat' dir='ltr'>transferebat,</span> <span class='ocrx_word' id='word_1_79' title='bbox 410 2099 493 2176; x_wconf 90' lang='lat' dir='ltr'>quod</span> <span class='ocrx_word' id='word_1_80' title='bbox 509 2118 630 2177; x_wconf 89' lang='lat' dir='ltr'>semper</span> <span class='ocrx_word' id='word_1_81' title='bbox 647 2099 829 2177; x_wconf 89' lang='lat' dir='ltr'>haruspices</span> <span class='ocrx_word' id='word_1_82' title='bbox 846 2099 1028 2160; x_wconf 83' lang='lat' dir='ltr'>consulebat</span> <span class='ocrx_word' id='word_1_83' title='bbox 1046 2099 1085 2158; x_wconf 93' lang='lat' dir='ltr'>de</span> <span class='ocrx_word' id='word_1_84' title='bbox 1103 2099 1176 2158; x_wconf 88' lang='lat' dir='ltr'>acti-</span> 
     </span>
     <span class='ocr_line' id='line_1_14' title="bbox 175 2205 1176 2282; baseline -0.003 -15"><span class='ocrx_word' id='word_1_85' title='bbox 175 2208 244 2267; x_wconf 89' lang='lat' dir='ltr'>onis</span> <span class='ocrx_word' id='word_1_86' title='bbox 259 2213 383 2281; x_wconf 83' lang='lat' dir='ltr'>eventn,</span> <span class='ocrx_word' id='word_1_87' title='bbox 399 2205 530 2265; x_wconf 91' lang='lat' dir='ltr'>animia</span> <span class='ocrx_word' id='word_1_88' title='bbox 547 2205 778 2282; x_wconf 89' lang='lat' dir='ltr'>superstitione,</span> <span class='ocrx_word' id='word_1_89' title='bbox 794 2206 849 2265; x_wconf 91' lang='lat' dir='ltr'>sed</span> <span class='ocrx_word' id='word_1_90' title='bbox 867 2212 972 2264; x_wconf 89' lang='lat' dir='ltr'>tamen</span> <span class='ocrx_word' id='word_1_91' title='bbox 986 2211 1019 2265; x_wconf 91' lang='lat' dir='ltr'>et</span> <span class='ocrx_word' id='word_1_92' title='bbox 1033 2224 1051 2265; x_wconf 93' lang='lat' dir='ltr'>a</span> <span class='ocrx_word' id='word_1_93' title='bbox 1065 2224 1176 2281; x_wconf 91' lang='lat' dir='ltr'>magno</span> 
     </span>
    </p>

    <p class='ocr_par' dir='ltr' id='par_1_7' title="bbox 136 2309 1226 2702">
     <span class='ocr_line' id='line_1_15' title="bbox 136 2309 1226 2387; baseline -0.002 -17"><span class='ocrx_word' id='word_1_94' title='bbox 136 2324 152 2370; x_wconf 86' lang='grc'>3</span> <span class='ocrx_word' id='word_1_95' title='bbox 175 2311 351 2373; x_wconf 91' lang='lat' dir='ltr'>studiorum</span> <span class='ocrx_word' id='word_1_96' title='bbox 372 2310 488 2369; x_wconf 91' lang='lat' dir='ltr'>honore</span> <span class='ocrx_word' id='word_1_97' title='bbox 506 2310 659 2370; x_wconf 91' lang='lat' dir='ltr'>veniebat.</span> <span class='ocrx_word' id='word_1_98' title='bbox 702 2311 770 2369; x_wconf 91' lang='lat' dir='ltr'>Iam</span> <span class='ocrx_word' id='word_1_99' title='bbox 792 2309 849 2369; x_wconf 91' lang='lat' dir='ltr'>illa</span> <span class='ocrx_word' id='word_1_100' title='bbox 868 2329 1019 2387; x_wconf 90' lang='lat' dir='ltr'>perquam</span> <span class='ocrx_word' id='word_1_101' title='bbox 1041 2310 1177 2370; x_wconf 87' lang='lat' dir='ltr'>iucunda</span> <span class='ocrx_word' id='word_1_102' title='bbox 1197 2323 1226 2369; x_wconf 92' lang='lat'>10</span> 
     </span>
     <span class='ocr_line' id='line_1_16' title="bbox 173 2415 1177 2492; baseline -0.003 -15"><span class='ocrx_word' id='word_1_103' title='bbox 173 2436 238 2477; x_wconf 92' lang='lat' dir='ltr'>una</span> <span class='ocrx_word' id='word_1_104' title='bbox 257 2416 443 2490; x_wconf 89' lang='lat' dir='ltr'>dicentibus,</span> <span class='ocrx_word' id='word_1_105' title='bbox 464 2415 548 2492; x_wconf 94' lang='lat' dir='ltr'>quod</span> <span class='ocrx_word' id='word_1_106' title='bbox 567 2415 666 2477; x_wconf 90' lang='lat' dir='ltr'>libera</span> <span class='ocrx_word' id='word_1_107' title='bbox 684 2421 826 2492; x_wconf 86' lang='lat' dir='ltr'>tempora</span> <span class='ocrx_word' id='word_1_108' title='bbox 840 2415 975 2492; x_wconf 88' lang='lat' dir='ltr'>petebat,</span> <span class='ocrx_word' id='word_1_109' title='bbox 990 2415 1074 2492; x_wconf 92' lang='lat' dir='ltr'>quod</span> <span class='ocrx_word' id='word_1_110' title='bbox 1091 2415 1177 2475; x_wconf 90' lang='lat' dir='ltr'>audi-</span> 
     </span>
     <span class='ocr_line' id='line_1_17' title="bbox 174 2520 1177 2597; baseline -0.003 -15"><span class='ocrx_word' id='word_1_111' title='bbox 174 2529 262 2583; x_wconf 86' lang='lat' dir='ltr'>turos</span> <span class='ocrx_word' id='word_1_112' title='bbox 283 2520 472 2596; x_wconf 88' lang='lat' dir='ltr'>corrogabat.</span> <span class='ocrx_word' id='word_1_113' title='bbox 515 2520 597 2591; x_wconf 77' lang='lat' dir='ltr'>Quid</span> <span class='ocrx_word' id='word_1_114' title='bbox 618 2520 700 2579; x_wconf 89' lang='lat' dir='ltr'>enim</span> <span class='ocrx_word' id='word_1_115' title='bbox 722 2520 889 2580; x_wconf 89' lang='lat' dir='ltr'>iucundius</span> <span class='ocrx_word' id='word_1_116' title='bbox 911 2539 1004 2597; x_wconf 89' lang='lat' dir='ltr'>quam</span> <span class='ocrx_word' id='word_1_117' title='bbox 1025 2521 1082 2580; x_wconf 91' lang='lat' dir='ltr'>sub</span> <span class='ocrx_word' id='word_1_118' title='bbox 1103 2521 1177 2580; x_wconf 88' lang='lat' dir='ltr'>alte·</span> 
     </span>
     <span class='ocr_line' id='line_1_18' title="bbox 174 2624 1175 2702; baseline -0.002 -16"><span class='ocrx_word' id='word_1_119' title='bbox 174 2629 239 2688; x_wconf 90' lang='lat' dir='ltr'>rius</span> <span class='ocrx_word' id='word_1_120' title='bbox 261 2626 383 2685; x_wconf 88' lang='lat' dir='ltr'>invidia</span> <span class='ocrx_word' id='word_1_121' title='bbox 403 2644 496 2702; x_wconf 92' lang='lat' dir='ltr'>quam</span> <span class='ocrx_word' id='word_1_122' title='bbox 518 2624 572 2684; x_wconf 91' lang='lat' dir='ltr'>diu</span> <span class='ocrx_word' id='word_1_123' title='bbox 586 2625 666 2685; x_wconf 82' lang='lat' dir='ltr'>velis</span> <span class='ocrx_word' id='word_1_124' title='bbox 685 2630 717 2684; x_wconf 93' lang='lat' dir='ltr'>et</span> <span class='ocrx_word' id='word_1_125' title='bbox 736 2625 769 2683; x_wconf 90' lang='lat' dir='ltr'>in</span> <span class='ocrx_word' id='word_1_126' title='bbox 788 2625 890 2685; x_wconf 89' lang='lat' dir='ltr'>alieno</span> <span class='ocrx_word' id='word_1_127' title='bbox 911 2625 1066 2685; x_wconf 91' lang='lat' dir='ltr'>auditorio</span> <span class='ocrx_word' id='word_1_128' title='bbox 1085 2626 1175 2702; x_wconf 89' lang='lat' dir='ltr'>quasi</span> 
     </span>
    </p>

    <p class='ocr_par' dir='ltr' id='par_1_8' title="bbox 135 2730 1224 3124">
     <span class='ocr_line' id='line_1_19' title="bbox 135 2730 1176 2810; baseline -0.001 -20"><span class='ocrx_word' id='word_1_129' title='bbox 135 2746 153 2790; x_wconf 82' lang='lat'>4</span> <span class='ocrx_word' id='word_1_130' title='bbox 174 2733 404 2810; x_wconf 89' lang='lat' dir='ltr'>deprehensum</span> <span class='ocrx_word' id='word_1_131' title='bbox 415 2731 574 2790; x_wconf 90' lang='lat' dir='ltr'>commode</span> <span class='ocrx_word' id='word_1_132' title='bbox 586 2731 714 2790; x_wconf 88' lang='lat' dir='ltr'>dicere?</span> <span class='ocrx_word' id='word_1_133' title='bbox 757 2730 818 2790; x_wconf 88' lang='lat' dir='ltr'>Sed</span> <span class='ocrx_word' id='word_1_134' title='bbox 831 2736 1000 2807; x_wconf 90' lang='lat' dir='ltr'>utcumque</span> <span class='ocrx_word' id='word_1_135' title='bbox 1012 2749 1044 2790; x_wconf 90' lang='lat' dir='ltr'>se</span> <span class='ocrx_word' id='word_1_136' title='bbox 1058 2730 1176 2790; x_wconf 89' lang='lat' dir='ltr'>habent</span> 
     </span>
     <span class='ocr_line' id='line_1_20' title="bbox 173 2835 1224 2913; baseline -0.005 -15"><span class='ocrx_word' id='word_1_137' title='bbox 173 2839 245 2913; x_wconf 89' lang='lat' dir='ltr'>ista,</span> <span class='ocrx_word' id='word_1_138' title='bbox 267 2836 445 2897; x_wconf 86' lang='lat' dir='ltr'>benefecit</span> <span class='ocrx_word' id='word_1_139' title='bbox 470 2835 611 2911; x_wconf 83' lang='lat' dir='ltr'>Regulus</span> <span class='ocrx_word' id='word_1_140' title='bbox 636 2836 719 2912; x_wconf 92' lang='lat' dir='ltr'>quod</span> <span class='ocrx_word' id='word_1_141' title='bbox 744 2841 792 2895; x_wconf 88' lang='lat' dir='ltr'>est</span> <span class='ocrx_word' id='word_1_142' title='bbox 816 2840 975 2910; x_wconf 64' lang='lat' dir='ltr'>mortuum</span> <span class='ocrx_word' id='word_1_143' title='bbox 1003 2835 1125 2910; x_wconf 90' lang='lat' dir='ltr'>melius,</span> <span class='ocrx_word' id='word_1_144' title='bbox 1148 2836 1175 2896; x_wconf 90' lang='lat' dir='ltr'>si</span> <span class='ocrx_word' id='word_1_145' title='bbox 1196 2848 1224 2893; x_wconf 79' lang='grc'>11</span> 
     </span>
     <span class='ocr_line' id='line_1_21' title="bbox 174 2939 1174 3018; baseline -0.003 -15"><span class='ocrx_word' id='word_1_146' title='bbox 174 2949 256 3003; x_wconf 91' lang='lat' dir='ltr'>ante.</span> <span class='ocrx_word' id='word_1_147' title='bbox 298 2943 391 3002; x_wconf 85' lang='lat' dir='ltr'>Nunc</span> <span class='ocrx_word' id='word_1_148' title='bbox 409 2942 493 3000; x_wconf 90' lang='lat' dir='ltr'>enim</span> <span class='ocrx_word' id='word_1_149' title='bbox 513 2959 587 3001; x_wconf 89' lang='lat' dir='ltr'>sane</span> <span class='ocrx_word' id='word_1_150' title='bbox 606 2947 729 3018; x_wconf 89' lang='lat' dir='ltr'>poterat</span> <span class='ocrx_word' id='word_1_151' title='bbox 749 2941 815 3001; x_wconf 90' lang='lat' dir='ltr'>sine</span> <span class='ocrx_word' id='word_1_152' title='bbox 830 2941 912 3000; x_wconf 88' lang='lat' dir='ltr'>malo</span> <span class='ocrx_word' id='word_1_153' title='bbox 929 2939 1055 3017; x_wconf 93' lang='lat' dir='ltr'>publico</span> <span class='ocrx_word' id='word_1_154' title='bbox 1069 2941 1174 3000; x_wconf 90' lang='lat' dir='ltr'>vivere</span> 
     </span>
     <span class='ocr_line' id='line_1_22' title="bbox 174 3046 1174 3124; baseline -0.001 -16"><span class='ocrx_word' id='word_1_155' title='bbox 174 3049 233 3109; x_wconf 89' lang='lat' dir='ltr'>sub</span> <span class='ocrx_word' id='word_1_156' title='bbox 254 3067 290 3107; x_wconf 91' lang='lat' dir='ltr'>eo</span> <span class='ocrx_word' id='word_1_157' title='bbox 310 3046 452 3124; x_wconf 90' lang='lat' dir='ltr'>principe</span> <span class='ocrx_word' id='word_1_158' title='bbox 474 3046 532 3106; x_wconf 90' lang='lat' dir='ltr'>sub</span> <span class='ocrx_word' id='word_1_159' title='bbox 552 3065 614 3122; x_wconf 90' lang='lat' dir='ltr'>quo</span> <span class='ocrx_word' id='word_1_160' title='bbox 636 3065 745 3105; x_wconf 90' lang='lat' dir='ltr'>nocere</span> <span class='ocrx_word' id='word_1_161' title='bbox 767 3065 828 3105; x_wconf 92' lang='lat' dir='ltr'>non</span> <span class='ocrx_word' id='word_1_162' title='bbox 853 3051 984 3122; x_wconf 91' lang='lat' dir='ltr'>poterat.</span> <span class='ocrx_word' id='word_1_163' title='bbox 1028 3047 1103 3105; x_wconf 90' lang='lat' dir='ltr'>Ideo</span> <span class='ocrx_word' id='word_1_164' title='bbox 1124 3048 1174 3107; x_wconf 82' lang='lat' dir='ltr'>fas</span> 
     </span>
    </p>

    <p class='ocr_par' dir='ltr' id='par_1_9' title="bbox 136 3151 1175 3334">
     <span class='ocr_line' id='line_1_23' title="bbox 136 3151 1175 3228; baseline -0.004 -13"><span class='ocrx_word' id='word_1_165' title='bbox 136 3171 152 3215; x_wconf 82' lang='lat'><strong>5</strong></span> <span class='ocrx_word' id='word_1_166' title='bbox 173 3159 306 3214; x_wconf 91' lang='lat' dir='ltr'>estnon</span> <span class='ocrx_word' id='word_1_167' title='bbox 326 3171 497 3228; x_wconf 86' lang='lat' dir='ltr'>numquam</span> <span class='ocrx_word' id='word_1_168' title='bbox 518 3170 588 3211; x_wconf 89' lang='lat' dir='ltr'>eum</span> <span class='ocrx_word' id='word_1_169' title='bbox 611 3169 766 3228; x_wconf 86' lang='lat' dir='ltr'>quaerere.</span> <span class='ocrx_word' id='word_1_170' title='bbox 809 3151 892 3210; x_wconf 88' lang='lat' dir='ltr'>Nam</span> <span class='ocrx_word' id='word_1_171' title='bbox 912 3156 1077 3228; x_wconf 88' lang='lat' dir='ltr'>postquam</span> <span class='ocrx_word' id='word_1_172' title='bbox 1097 3151 1175 3211; x_wconf 90' lang='lat' dir='ltr'>obiit</span> 
     </span>
     <span class='ocr_line' id='line_1_24' title="bbox 173 3255 1174 3334; baseline -0.004 -16"><span class='ocrx_word' id='word_1_173' title='bbox 173 3259 237 3333; x_wconf 89' lang='lat' dir='ltr'>ille,</span> <span class='ocrx_word' id='word_1_174' title='bbox 259 3257 431 3317; x_wconf 89' lang='lat' dir='ltr'>increbruit</span> <span class='ocrx_word' id='word_1_175' title='bbox 452 3255 570 3334; x_wconf 90' lang='lat' dir='ltr'>passim</span> <span class='ocrx_word' id='word_1_176' title='bbox 590 3262 622 3315; x_wconf 91' lang='lat' dir='ltr'>et</span> <span class='ocrx_word' id='word_1_177' title='bbox 643 3255 779 3316; x_wconf 91' lang='lat' dir='ltr'>invaluit</span> <span class='ocrx_word' id='word_1_178' title='bbox 801 3257 992 3316; x_wconf 90' lang='lat' dir='ltr'>consuetudo</span> <span class='ocrx_word' id='word_1_179' title='bbox 1012 3255 1102 3316; x_wconf 86' lang='lat' dir='ltr'>binas</span> <span class='ocrx_word' id='word_1_180' title='bbox 1124 3257 1174 3316; x_wconf 90' lang='lat' dir='ltr'>vel</span> 
     </span>
    </p>
   </div>
   <div class='ocr_carea' id='block_1_6' title="bbox 170 3361 1224 3760">
    <p class='ocr_par' dir='ltr' id='par_1_10' title="bbox 170 3361 1224 3760">
     <span class='ocr_line' id='line_1_25' title="bbox 173 3361 1224 3440; baseline -0.003 -16"><span class='ocrx_word' id='word_1_181' title='bbox 173 3363 313 3440; x_wconf 86' lang='lat' dir='ltr'>singulas</span> <span class='ocrx_word' id='word_1_182' title='bbox 328 3362 519 3440; x_wconf 89' lang='lat' dir='ltr'>clepsydras,</span> <span class='ocrx_word' id='word_1_183' title='bbox 536 3361 694 3420; x_wconf 89' lang='lat' dir='ltr'>interdum</span> <span class='ocrx_word' id='word_1_184' title='bbox 708 3361 804 3421; x_wconf 88' lang='lat' dir='ltr'>etiam</span> <span class='ocrx_word' id='word_1_185' title='bbox 824 3361 970 3422; x_wconf 89' lang='lat' dir='ltr'>dimidias</span> <span class='ocrx_word' id='word_1_186' title='bbox 986 3368 1017 3420; x_wconf 90' lang='lat' dir='ltr'>et</span> <span class='ocrx_word' id='word_1_187' title='bbox 1032 3361 1127 3420; x_wconf 92' lang='lat' dir='ltr'>dandi</span> <span class='ocrx_word' id='word_1_188' title='bbox 1143 3368 1175 3421; x_wconf 91' lang='lat' dir='ltr'>et</span> <span class='ocrx_word' id='word_1_189' title='bbox 1194 3377 1224 3421; x_wconf 72' lang='lat'>20</span> 
     </span>
     <span class='ocr_line' id='line_1_26' title="bbox 172 3467 1173 3548; baseline -0.001 -20"><span class='ocrx_word' id='word_1_190' title='bbox 172 3468 309 3548; x_wconf 91' lang='lat' dir='ltr'>petendi.</span> <span class='ocrx_word' id='word_1_191' title='bbox 352 3468 436 3527; x_wconf 88' lang='lat' dir='ltr'>Nam</span> <span class='ocrx_word' id='word_1_192' title='bbox 454 3467 557 3544; x_wconf 92' lang='lat' dir='ltr'>etqui</span> <span class='ocrx_word' id='word_1_193' title='bbox 579 3467 690 3526; x_wconf 91' lang='lat' dir='ltr'>dicunt</span> <span class='ocrx_word' id='word_1_194' title='bbox 709 3467 809 3544; x_wconf 85' lang='lat' dir='ltr'>egisse</span> <span class='ocrx_word' id='word_1_195' title='bbox 829 3467 951 3526; x_wconf 92' lang='lat' dir='ltr'>malunt</span> <span class='ocrx_word' id='word_1_196' title='bbox 970 3486 1064 3543; x_wconf 85' lang='lat' dir='ltr'>quem</span> <span class='ocrx_word' id='word_1_197' title='bbox 1083 3486 1173 3542; x_wconf 85' lang='lat' dir='ltr'>agere</span> 
     </span>
     <span class='ocr_line' id='line_1_27' title="bbox 172 3571 1172 3651; baseline -0.002 -17"><span class='ocrx_word' id='word_1_198' title='bbox 172 3580 204 3634; x_wconf 92' lang='lat' dir='ltr'>et</span> <span class='ocrx_word' id='word_1_199' title='bbox 218 3574 274 3651; x_wconf 90' lang='lat' dir='ltr'>qui</span> <span class='ocrx_word' id='word_1_200' title='bbox 288 3572 422 3633; x_wconf 89' lang='lat' dir='ltr'>audiunt</span> <span class='ocrx_word' id='word_1_201' title='bbox 438 3571 528 3632; x_wconf 88' lang='lat' dir='ltr'>finire</span> <span class='ocrx_word' id='word_1_202' title='bbox 546 3591 639 3650; x_wconf 90' lang='lat' dir='ltr'>quam</span> <span class='ocrx_word' id='word_1_203' title='bbox 657 3572 803 3633; x_wconf 89' lang='lat' dir='ltr'>iudicare.</span> <span class='ocrx_word' id='word_1_204' title='bbox 846 3574 949 3632; x_wconf 77' lang='lat' dir='ltr'>Tanta</span> <span class='ocrx_word' id='word_1_205' title='bbox 965 3572 1172 3649; x_wconf 85' lang='lat' dir='ltr'>neglegentia,</span> 
     </span>
     <span class='ocr_line' id='line_1_28' title="bbox 170 3677 1174 3760; baseline -0.005 -17"><span class='ocrx_word' id='word_1_206' title='bbox 170 3685 262 3743; x_wconf 88' lang='lat' dir='ltr'>tanta</span> <span class='ocrx_word' id='word_1_207' title='bbox 275 3677 406 3757; x_wconf 89' lang='lat' dir='ltr'>desidia,</span> <span class='ocrx_word' id='word_1_208' title='bbox 421 3683 511 3738; x_wconf 86' lang='lat' dir='ltr'>tanta</span> <span class='ocrx_word' id='word_1_209' title='bbox 525 3678 659 3760; x_wconf 90' lang='lat' dir='ltr'>denique</span> <span class='ocrx_word' id='word_1_210' title='bbox 679 3678 888 3739; x_wconf 87' lang='lat' dir='ltr'>inreverentia</span> <span class='ocrx_word' id='word_1_211' title='bbox 906 3677 1081 3741; x_wconf 88' lang='lat' dir='ltr'>studiorum</span> <span class='ocrx_word' id='word_1_212' title='bbox 1095 3678 1174 3759; x_wconf 87' lang='lat' dir='ltr'>peri·</span> 
     </span>
    </p>
   </div>
   <div class='ocr_carea' id='block_1_7' title="bbox 0 0 1336 4170">
    <p class='ocr_par' dir='ltr' id='par_1_11' title="bbox 0 0 1336 4170">
     <span class='ocr_line' id='line_1_29' title="bbox 0 0 1336 4170; baseline 0 2"><span class='ocrx_word' id='word_1_213' title='bbox 0 0 1336 4170; x_wconf 95' lang='lat' dir='ltr'> </span> 
     </span>
    </p>
   </div>
  </div>
 </body>
</html>
