2664 4170
474 237 737 288 nersronnnun
760 237 794 288 x,
813 236 854 288 oo.
1102 222 1165 290 123

127 419 142 464 2
163 412 308 490 θρεπτούς.
349 411 389 469 In
403 430 466 487 qua
479 429 535 486 ego
550 411 667 470 auditis
682 411 957 471 constitutionibus
977 410 1163 488 principum,

163 516 237 592 quia
250 515 331 575 nihil
350 516 545 576 inveniebam
564 523 618 575 aut
635 516 795 593 proprium
814 522 868 575 aut
887 515 1064 575 universale
1081 517 1164 593 quod

162 620 203 680 ad
228 621 384 700 Bithynos
409 622 553 691 ferretur,
579 620 803 681 consulendum
828 626 859 679 te
884 621 1063 680 existimari
1088 621 1164 697 quid

162 725 319 785 observari
344 725 450 785 velles.
493 727 605 802 Neque
630 725 713 785 enim
739 726 848 803 putavi
874 744 965 802 posse
990 744 1039 783 me
1066 726 1101 784 iu
1128 744 1164 784 eo

162 831 245 907 quod
269 831 487 891 auctoritatem
509 837 595 890 tuam
618 836 758 908 posceret
783 831 926 908 exemplo
949 849 1017 890 esse
1041 836 1199 890 conten-s

127 941 237 996 otum.
280 936 486 996 Recitabatur
510 942 614 995 antem
639 937 723 1013 apud
744 954 793 994 me
815 936 952 994 edictum
977 936 1060 1012 quod
1085 936 1164 995 dice-

161 1042 253 1102 batur
277 1041 344 1101 divi
368 1041 514 1117 Augusti,
536 1042 577 1101 ad
600 1041 738 1100 Anniam
760 1041 936 1118 pertinens:
962 1040 1110 1100 recitatae
1132 1046 1164 1100 et

161 1147 315 1224 epistulae
332 1147 398 1206 divi
416 1146 603 1224 Vespasiani
619 1147 659 1206 ad
678 1145 940 1206 Lacedaemonios
958 1152 990 1205 et
1011 1146 1078 1205 divi
1097 1146 1163 1206 Titi

161 1253 201 1312 ad
220 1253 344 1312 eosdem
366 1257 398 1312 et
418 1253 459 1312 ad
472 1252 625 1326 Achaeos,
640 1257 672 1311 et
692 1251 867 1311 Domitiani
889 1251 929 1311 ad
942 1251 1092 1311 Avidium
1108 1251 1164 1311 Ni-

161 1357 286 1432 grinum
310 1362 342 1416 et
369 1356 553 1417 Armenium
581 1356 756 1416 Brocchum
784 1357 993 1434 proconsules,
1019 1356 1095 1415 item
1123 1357 1163 1416 ad
1184 1368 1212 1413 10

161 1462 438 1522 Lacedaemonios:
462 1479 541 1538 quae
558 1461 628 1521 ideo
646 1461 704 1521 tibi
723 1481 786 1520 non
806 1461 887 1539 misi,
905 1462 979 1537 quia
1000 1467 1032 1521 et
1052 1480 1161 1538 parum

161 1568 326 1628 emendata
340 1573 371 1627 et
385 1567 537 1645 quaedam
552 1586 615 1626 non
629 1572 732 1626 certae
744 1566 819 1626 fidei
835 1567 1021 1626 videbantur
1041 1572 1072 1626 et
1089 1566 1164 1644 quia

162 1691 235 1732 vera
248 1679 280 1733 et
294 1673 458 1733 emendata
472 1672 506 1730 iu
521 1672 644 1732 scriniis
658 1671 722 1731 tuis
738 1690 806 1732 esse
820 1671 991 1731 credebam.

535 1914 610 1976 roa.
640 1912 783 1994 (LXVI.)

468 2081 656 2133 TRAIANUS
678 2082 801 2132 PLINIO
825 2082 852 2133 S.

537 2241 663 2302 Trojon’s
675 2254 785 2291 coswer.

126 2412 140 2456 1
200 2397 349 2469 Quaestio
364 2396 427 2457 ista
445 2415 524 2474 quae
544 2395 682 2474 pertinet
703 2396 743 2455 ad
763 2415 816 2456 eos
837 2396 892 2473 qui
913 2394 1005 2456 liberi
1026 2396 1093 2456 nati
1114 2415 1164 2455 ex-

161 2503 265 2581 positi,
281 2503 394 2562 deinde
409 2501 524 2562 sublati
539 2520 558 2560 a
572 2501 759 2579 quibusdam
773 2506 805 2559 et
820 2501 853 2559 in
871 2501 1022 2561 servitute
1040 2501 1163 2561 educati
1184 2515 1212 2560 15

162 2614 235 2669 sunt
254 2626 346 2685 saepe
367 2612 502 2667 tractata
519 2612 575 2682 est,
591 2625 648 2665 nec
669 2607 836 2684 quicquam
850 2605 1010 2666 invenitur
1030 2605 1064 2664 in
1085 2625 1164 2665 com-

161 2713 323 2774 mentariis
338 2731 444 2772 eorum
458 2712 636 2789 principum
651 2711 705 2788 qui
719 2717 792 2771 ante
806 2730 855 2770 me
872 2712 1009 2785 fuerunt,
1026 2713 1109 2788 quod
1123 2712 1163 2771 ad

126 2835 141 2880 2
162 2837 268 2879 omues
286 2817 464 2896 provincias
487 2817 529 2877 sit
550 2816 765 2876 constitutum.
808 2816 972 2893 Epistulae
994 2835 1068 2876 sane
1090 2822 1164 2876 sunt

161 2924 335 2984 Domitiani
347 2924 387 2983 ad
398 2923 550 2983 Avidium
560 2922 730 2998 Nigrinum
741 2927 773 2981 et
784 2921 967 2981 Armenium
981 2922 1163 2998 Brocchum,

162 3049 241 3108 quae
263 3031 397 3090 fortasse
423 3029 556 3089 debeant
581 3027 754 3088 observari:
779 3028 833 3087 sed
846 3027 941 3086 ¹intra
965 3046 1017 3087 eas
1040 3027 1163 3104 provin·
1183 3040 1212 3084 ao

162 3135 225 3196 cias
240 3135 407 3213 dequibus
422 3133 591 3211 rescripsit,
606 3133 689 3193 inter
703 3151 781 3210 quas
795 3151 858 3191 non
873 3138 921 3192 est
938 3132 1108 3210 Bithynia;
1131 3138 1163 3191 et

162 3240 231 3302 ideo
255 3260 312 3301 neo
336 3239 546 3301 adsertionem
571 3238 784 3314 denegandam
809 3237 848 3297 iis
874 3237 928 3314 qui
950 3256 988 3295 ex
1010 3237 1163 3297 eiusmodi

162 3365 256 3408 causa
286 3347 322 3406 in
353 3345 531 3405 libertatem
558 3343 801 3403 vindicabuntur
829 3348 906 3420 puto
934 3361 1034 3419 neque
1062 3342 1163 3420 ipsam

162 3452 340 3513 libertatem
355 3449 568 3510 redimendam
582 3447 683 3526 pretio
698 3447 925 3507 alimentorum.
