2664 4170
498 273 760 325 urusrormuur
782 274 802 323 1.
825 275 863 323 11.
1163 258 1182 323 i

176 465 276 525 paene
298 446 384 506 omni
404 446 530 522 negotio
550 446 729 525 pulchrius!
772 446 798 507 0
820 464 913 518 mare,
931 464 949 503 o
970 444 1056 518 litus,
1074 462 1183 502 verum

177 558 393 630 secretumque
409 557 548 629 μουσεῖον,
564 571 658 630 quam
679 551 778 610 multa
795 550 955 624 invenitis,
971 568 1063 627 quam
1083 548 1182 608 multa

138 669 155 716 7
177 657 323 717 dictatis!
365 657 501 716 Proinde
516 663 551 717 tu
566 675 689 735 quoque
704 656 870 733 strepitum
885 656 981 715 istum
996 655 1182 732 inanemque

177 762 355 822 discursum
376 768 409 822 et
429 762 564 822 multum
584 761 708 839 ineptos
730 761 860 835 labores,
877 767 913 820 ut
931 760 1067 838 primum
1085 759 1182 818 fuerit

138 880 155 925 8
176 867 308 942 occasio,
324 866 466 945 relinque
480 872 573 944 teque
593 867 708 927 studiis
723 865 772 925 vel
790 866 855 925 otio
869 866 967 925 trade.
1011 864 1117 924 Satius
1134 869 1217 939 estis

176 971 271 1046 enim,
288 978 324 1031 ut
337 972 457 1033 Atilius
472 978 578 1033 noster
597 971 810 1031 eruditissime
827 970 922 1031 simul
939 975 971 1029 et
990 969 1197 1030 facetissime

176 1077 270 1152 dixit,
286 1076 421 1137 otiosum
435 1096 503 1138 esse
518 1096 612 1156 quem
627 1076 707 1136 nihil
723 1094 821 1151 agere.
864 1075 951 1136 Vale.
1194 1078 1198 1087 “

608 1299 638 1359 7.
668 1295 755 1377 (ΧΙ.)

376 1456 406 1507 0.
432 1456 577 1506 rmmos
600 1456 713 1506 rsoro
738 1440 843 1506 rusro
867 1455 935 1506 suo
959 1455 984 1506 s,

394 1604 476 1665 Pliny
487 1603 576 1654 clides
587 1604 630 1654 tis
636 1604 730 1667 friend
736 1604 785 1667 sor
797 1609 842 1653 not
853 1605 969 1666 writinp.

139 1766 152 1810 1
219 1748 303 1810 Olim
324 1748 403 1806 mihi
425 1747 530 1808 nullas
551 1748 703 1826 epistulas
725 1748 835 1808 mittis.
877 1747 970 1806 Nihil
992 1753 1048 1822 est,
1067 1748 1181 1825 inquis,

177 1855 263 1932 quod
291 1853 433 1913 scribam.
476 1853 522 1912 At
549 1853 607 1913 hoc
635 1853 739 1932 ipsum
767 1854 866 1913 scribe
894 1852 975 1913 nihil
1004 1871 1071 1913 esse
1099 1853 1183 1928 quod

177 1959 306 2034 scribas,
329 1958 379 2018 vel
401 1959 503 2019 solum
526 1957 606 2018 illud
626 1958 709 2017 unde
732 1958 870 2035 incipere
896 1958 1015 2035 priores
1041 1957 1183 2017 solebant
1204 1967 1231 2011 10

179 2064 227 2124 ‘si
246 2064 343 2138 vales,
365 2064 443 2124 bene
464 2069 529 2138 est3
558 2082 615 2140 ego
635 2063 745 2123 valeo!
787 2064 857 2123 Hoc
878 2063 957 2121 mihi
979 2061 1109 2138 sufficit3
1135 2068 1183 2122 est

137 2169 264 2236 2enim
287 2169 464 2228 maximum.
516 2169 637 2228 Ludere
662 2186 712 2227 me
733 2171 851 2245 putes?
881 2168 961 2228 serio
985 2174 1066 2246 peto.
1120 2168 1182 2227 Fac

177 2274 277 2335 sciam
297 2274 374 2352 quid
394 2292 477 2349 agas,
498 2274 581 2351 quod
602 2273 669 2334 sine
691 2273 903 2333 sollicitudine
926 2292 1045 2334 summa
1063 2273 1182 2334 nescire

176 2399 241 2439 non
256 2398 392 2458 possum.
435 2378 522 2439 Vale.

598 2519 628 2581 s
657 2517 762 2599 (1111.)

322 2679 353 2728 C.
377 2676 521 2728 PLlNIUS
544 2676 749 2728 CALESTRIO
772 2678 898 2728 TIRONI
920 2678 987 2728 SUO
1011 2678 1036 2728 S.

450 2824 615 2875 171011110ίά0
628 2825 660 2888 os
671 2824 804 2875 Corellius
816 2825 915 2887 Rufus.

137 2991 154 3036 1
218 2970 378 3030 Iacturam
392 2968 609 3045 gravissimam
624 2969 695 3045 feci,
712 2969 739 3030 si
753 2969 874 3030 iactura
891 2969 1024 3028 dicenda
1037 2975 1086 3028 est
1100 2969 1182 3028 tanti
1204 2983 1232 3028 15

176 3075 241 3136 viri
252 3074 386 3135 amissio.
429 3074 573 3135 Decessit
584 3075 737 3136 Corellius
752 3075 865 3148 Rufus
878 3081 909 3133 et
920 3074 1047 3151 quidem
1062 3081 1181 3152 sponte,

178 3181 264 3258 quod
275 3180 414 3240 dolorem
424 3179 706 3240 meumexulcerat·
749 3181 901 3240 Estenim
916 3180 1181 3240 luctuosissimum

178 3305 277 3362 genus
302 3285 412 3346 mortis
441 3304 520 3362 quae
545 3304 608 3344 non
633 3304 672 3344 ex
696 3291 810 3346 nature
833 3305 889 3344 uec
913 3286 1021 3345 fatalis
1046 3286 1180 3345 videtur.

138 3407 157 3453 2
177 3394 263 3454 Nam
280 3396 448 3469 utcumque
465 3391 499 3449 in
517 3389 582 3450 illis
604 3391 658 3468 qui
680 3392 785 3451 morbo
806 3391 959 3450 finiuntur
980 3411 1125 3467 magnum
1144 3410 1183 3449 ex

179 3498 250 3578 ipsa
270 3496 457 3557 necessitate
473 3494 623 3555 solacium
644 3501 700 3570 est,
719 3496 753 3554 in
775 3497 819 3556 eis
842 3516 914 3556 vero
936 3517 1012 3574 quos
1034 3497 1184 3557 arcessita
1203 3511 1232 3556 so

179 3622 263 3663 mors
290 3601 395 3662 aufert
419 3600 470 3660 hic
495 3599 680 3660 insanabilis
709 3602 797 3661 dolor
825 3608 881 3675 est,
907 3603 990 3680 quod
1015 3603 1183 3662 creduntur

140 3707 321 3788 apotuisse
349 3706 404 3766 diu
427 3705 542 3765 vivere.
599 3705 768 3766 Corellium
795 3707 921 3782 quidem
946 3727 1067 3767 summa
1093 3708 1182 3778 ratic,
