2664 4170
478 235 739 286 EPISTULARUM
763 235 811 287 lv.
831 237 873 286 22.
1134 225 1174 290 65

174 410 302 488 quidem
323 427 408 468 meos
429 414 536 468 cantat
556 408 652 467 etiam
675 390 853 485 formatque
872 408 1002 483 cithara,
1017 428 1080 467 non
1104 410 1176 468 arti-

174 516 232 575 fice
247 515 353 592 aliquo
368 514 497 574 docente
512 515 568 574 sed
590 533 702 588 amore,
718 515 772 591 qui
787 515 936 590 magister
958 520 1006 574 est
1028 515 1173 591 optimus.

135 637 152 682 o
174 622 237 681 His
256 639 295 679 ex
312 621 414 680 causis
437 620 470 677 in
494 639 580 697 spem
604 620 810 680 certissimam
834 621 970 679 adducor
993 627 1175 697 perpetuam

174 727 265 786 nobis
293 726 504 802 maioremque
532 725 565 783 in
600 726 667 785 dies
695 725 835 784 futuram
869 744 936 785 esse
970 727 1174 785 concordiam.

175 833 248 891 Non
276 831 360 889 enirn
388 835 521 889 aetatem
551 849 652 889 meam
680 836 735 889 aut
762 849 882 907 corpus,
911 850 989 907 quae
1024 831 1211 908 paulatimo

137 952 153 998 6
175 937 323 996 occidunt
347 954 382 994 aa
407 942 581 1009 senescunt,
605 936 660 995 sed
687 935 817 1012 gloriam
840 935 954 1010 diligit.
997 937 1064 994 Nec
1089 936 1176 996 aliud

175 1044 265 1103 decet
278 1043 342 1103 tuis
362 1043 506 1102 manibus
522 1040 699 1114 educatam,
715 1041 777 1100 tuis
799 1041 972 1118 praeceptis
988 1041 1175 1116 institutam,

175 1167 256 1227 quae
270 1148 351 1208 nihil
366 1150 399 1208 in
414 1149 618 1208 contubernio
635 1154 689 1207 tuo
705 1146 821 1206 viderit
835 1146 897 1206 nisi
912 1152 1054 1206 sanctum
1069 1147 1177 1206 bones-

175 1260 315 1331 tumque,
339 1273 418 1331 quae
446 1254 581 1331 denique
609 1271 712 1313 amare
734 1270 783 1309 me
806 1270 845 1309 ex
869 1257 924 1310 tua
946 1252 1176 1329 praedicatione

138 1360 380 1420 tconsueverit.
436 1360 520 1418 Nam
554 1377 626 1418 cum
653 1363 784 1417 matrem
813 1375 913 1416 meam
942 1357 1081 1433 parentis
1108 1357 1175 1416 vioe
1198 1375 1225 1419 10

176 1464 338 1537 verereris,
360 1483 409 1523 me
430 1483 449 1523 a
469 1464 605 1542 pueritia
628 1463 735 1523 statim
757 1462 901 1536 formare,
923 1461 1050 1521 laudare
1071 1462 1178 1521 talem-

139 1575 155 1620 8
177 1588 239 1647 que
253 1569 356 1646 qualis
369 1587 452 1627 nuno
467 1568 557 1627 uxori
571 1585 658 1628 meae
669 1567 776 1625 videor
788 1566 919 1625 ominari
935 1566 1064 1626 solebas
1108 1568 1177 1628 Cer-

176 1675 270 1734 tatim
286 1693 358 1749 ergo
371 1672 431 1733 tibi
452 1673 569 1749 gratias
584 1672 714 1748 agimus,
730 1689 787 1746 ego
809 1672 893 1748 quod
915 1671 1003 1731 illam
1018 1672 1105 1746 mihi,
1121 1671 1178 1732 illa

177 1780 261 1857 quod
276 1798 325 1838 me
339 1779 401 1839 sibi
415 1778 547 1854 dederis,
563 1778 654 1856 quasi
669 1777 802 1836 invicem
818 1776 955 1852 elegeris.
998 1776 1086 1838 Vale.

566 1995 619 2056 52.
647 1992 785 2072 (xxii.)

332 2153 362 2204 O.
386 2154 530 2203 PLINIUS
554 2152 762 2204 SEMPRONIO
786 2153 883 2202 RUFO
907 2152 974 2203 SUO
998 2152 1024 2201 S.

341 2291 410 2341 How
422 2291 510 2353 boldly
521 2293 624 2341 Julzius
636 2292 774 2342 Mauricus
786 2292 864 2354 spoke
877 2293 919 2341 liis
931 2292 1012 2341 mirrd.

140 2427 153 2471 1
218 2422 357 2481 Interfui
378 2422 529 2500 principis
552 2422 663 2499 optimi
685 2423 864 2498 cognitioni,
886 2423 919 2480 in
941 2421 1106 2482 eonsilium
1127 2420 1226 2480 ad-15

177 2532 330 2605 sumptus.
374 2527 547 2606 Gymnicus
562 2546 639 2602 agon
657 2528 740 2605 apud
754 2528 948 2587 Viennenses
963 2546 1001 2585 ex
1016 2525 1177 2585 cuiusdam

176 2637 366 2692 testamento
387 2632 608 2692 celebrabatur.
652 2633 747 2692 Hunc
768 2633 940 2693 Trebonius
963 2631 1105 2705 Rufinus,
1129 2629 1178 2688 vir

177 2738 320 2813 egregius
339 2738 490 2815 nobisque
507 2739 634 2813 amicus,
649 2739 683 2797 in
700 2738 901 2798 duumviratu
918 2737 1092 2797 tollendum
1110 2736 1179 2796 abc

177 2842 366 2920 lendumque
391 2843 521 2903 curavit.
572 2844 754 2919 Negabatur
779 2863 818 2903 ex
842 2843 1028 2902 auctoritate
1053 2840 1179 2917 publica

139 2948 298 3007 2fecisse.
349 2948 425 3024 Egit
453 2949 520 3025 ipse
547 2967 672 3008 causam
700 2968 762 3006 non
791 2948 893 3008 minus
921 2946 1056 3006 feliciter
1084 2965 1178 3022 quam
1198 2955 1227 2999 no

176 3053 302 3112 diserte.
356 3053 590 3114 Conmendabat
614 3054 766 3113 actionem
791 3054 874 3130 quod
898 3058 1058 3128 tamquam
1086 3051 1178 3108 homo

176 3157 337 3217 Romanus
353 3163 384 3216 et
398 3157 496 3217 bonus
510 3158 589 3218 civis
604 3159 637 3217 in
651 3158 775 3234 negotio
791 3177 846 3217 suo
861 3163 981 3216 mature
996 3161 1027 3214 et
1042 3155 1178 3232 graviter

139 3267 154 3312 3
176 3261 370 3340 loquebatur.
414 3263 492 3323 Cum
513 3263 685 3322 sententiae
705 3268 951 3340 perrogarentur,
968 3261 1048 3320 dixit
1068 3260 1177 3319 lunius

176 3367 346 3442 Mauricus,
369 3387 431 3444 quo
451 3368 519 3426 viro
540 3368 621 3427 nihil
643 3368 774 3442 firmius,
796 3368 876 3426 nihil
899 3367 1012 3439 verius,
1027 3385 1090 3424 non
1111 3383 1177 3425 esse

176 3472 407 3533 restituendum
421 3473 653 3534 Viennensibus
668 3493 783 3548 agona:
807 3473 921 3532 adiecit
937 3472 1065 3530 ‘vellem
1083 3471 1177 3530 etiam
1198 3487 1227 3531 25

136 3585 153 3630 4
176 3579 296 3637 Romae
319 3578 388 3637 tolli
411 3579 536 3655 posset!
580 3580 802 3653 ‘Constanter,'
825 3579 938 3655 inquis,
963 3583 1011 3636 ‘et
1032 3577 1177 3636 fortiter!

176 3682 321 3755 Quidni?
344 3683 398 3742 sed
412 3682 470 3743 hoo
484 3701 504 3743 a
517 3683 658 3743 Maurico
674 3703 789 3743 novum
808 3703 871 3742 non
889 3689 944 3743 est.
989 3683 1077 3741 idem
1094 3682 1178 3758 apud
