2664 4170
485 263 749 314 nmsrnmnun
773 265 820 314 lv,
841 265 880 314 25.
1140 254 1181 317 67

81 508 88 517 Ι
177 452 258 508 mus,
285 434 398 494 studiis
426 434 596 512 periclitati
624 455 740 510 sumus,
768 454 938 513 rursusque
966 436 1180 514 processimus

137 552 154 597 5
177 539 373 599 Profuerunt
388 540 478 600 nobis
495 541 645 599 bonorum
663 541 830 615 amicitiae,
846 541 996 600 bonorum
1014 542 1183 600 obfuerunt

178 645 355 722 iterumque
370 653 509 722 prosunt.
554 646 587 705 Si
599 652 749 723 conputcs
764 666 871 720 annos,
887 648 1033 722 exiguum
1049 653 1181 724 tempusr,

137 764 155 809 6
178 750 206 808 si
231 751 316 809 vices
341 769 453 826 rerum,
477 770 587 810 aevum
615 757 715 828 putes.
759 752 847 821 Quod
869 758 973 828 potest
998 771 1064 811 esse
1093 752 1182 810 docu-

177 860 285 913 mento
302 855 383 913 nihil
401 856 574 932 desperare,
591 855 671 914 nulli
686 856 729 914 rei
745 856 851 930 fidere,
868 875 937 915 cum
957 856 1116 915 videamus
1135 862 1182 915 tot
1201 872 1216 914 5

137 975 153 1020 7
178 960 347 1020 varietates
376 966 441 1020 tam
470 960 601 1019 volubili
632 961 705 1020 orbe
732 961 909 1037 circumagi.
966 961 1048 1019 Mihi
1077 968 1181 1020 autem

177 1064 336 1124 familiare
357 1071 405 1124 est
426 1084 533 1125 omnes
554 1065 760 1142 cogitationes
783 1085 866 1125 meas
892 1074 994 1125 tecum
1016 1067 1183 1125 communi-

177 1188 248 1229 care
269 1170 431 1247 isdemque
455 1177 487 1230 te
515 1170 566 1229 vel
594 1171 769 1248 praeceptis
798 1170 847 1230 vel
876 1170 1029 1248 exemplis
1057 1191 1181 1230 monere

177 1275 293 1352 quibus
311 1275 379 1352 ipse
398 1293 448 1334 me
466 1294 593 1351 moneo;
616 1294 695 1352 quae
716 1276 797 1335 ratio
818 1275 912 1335 huius
934 1276 1087 1353 epistulae
1109 1277 1179 1336 fuit.

177 1380 266 1440 Vale.
1202 1394 1230 1439 10

574 1500 627 1560 54.
657 1498 786 1577 (xxv.)

341 1646 372 1696 C.
398 1645 542 1695 PLINIUS
566 1645 698 1695 MESSIO
722 1645 873 1695 MAXIMO
898 1645 966 1696 SUO
990 1646 1015 1696 S.

432 1780 522 1829 Abuse
534 1780 567 1842 os
574 1781 616 1829 tlte
629 1781 713 1830 bellot
726 1781 754 1829 ia
765 1781 806 1829 tlte
821 1779 925 1830 Seuere.

141 1928 154 1972 1
220 1913 411 1990 Scripseram
433 1911 492 1970 tibi
515 1911 683 1970 verendum
702 1915 769 1970 esse
787 1931 827 1970 ne
843 1930 881 1970 ex
899 1912 1004 1970 tacitis
1021 1911 1179 1986 suffragiis

177 2018 292 2076 vitium
314 2016 441 2093 aliquod
463 2017 620 2076 existeret.
664 2017 795 2075 Factum
814 2023 870 2076 est.
913 2016 1070 2075 Proximis
1091 2017 1181 2075 comi·

178 2123 233 2183 tiis
259 2123 291 2180 in
317 2121 503 2199 quibusdam
528 2121 654 2181 tabellis
679 2121 779 2180 multa
799 2121 950 2181 iocularia
970 2128 1064 2198 atque
1085 2122 1179 2181 etiam

178 2229 272 2287 foeda
296 2228 391 2301 dictu,
417 2226 450 2284 in
475 2245 539 2285 una
562 2246 635 2284 vero
659 2246 715 2303 pro
740 2226 975 2286 candidatorum
1002 2227 1180 2287 nominibus

139 2352 155 2396 2
179 2334 418 2408 suffragatorum
440 2331 567 2390 nomina
584 2331 714 2390 inventa
731 2337 812 2392 sunt.
856 2333 1034 2391 Excanduit
1054 2338 1180 2392 senatus
1201 2343 1229 2388 15

178 2456 352 2514 magnoque
373 2437 507 2496 clamore
532 2437 560 2495 ei
586 2437 640 2513 qui
666 2437 846 2515 scripsisset
870 2438 985 2496 iratum
1006 2438 1181 2515 principem

178 2550 228 2604 est
248 2548 468 2620 comprecatus.
513 2542 573 2600 Ille
595 2549 700 2601 tamen
722 2542 840 2601 fefellit
864 2548 896 2602 et
921 2542 1023 2617 latuit,
1045 2543 1180 2602 fortasse

140 2667 157 2711 3
178 2650 275 2709 etiam
294 2649 376 2707 inter
395 2648 595 2723 indignantes
618 2647 688 2706 fuit.
732 2648 814 2718 Quid
832 2648 915 2707 hunc
932 2655 1079 2725 putamus
1097 2648 1181 2708 domi

176 2756 292 2828 facere,
311 2753 365 2830 qui
382 2753 416 2811 in
432 2757 569 2812 tentare
588 2758 651 2811 tam
670 2753 751 2812 serio
768 2759 907 2830 tempore
924 2759 988 2812 tam
1009 2752 1181 2812 scurriliter

177 2860 276 2934 ludat,
292 2858 347 2935 qui
360 2857 496 2935 denique
512 2857 639 2916 omnino
656 2857 688 2915 in
704 2863 814 2917 senatu
831 2858 922 2917 dicax
941 2864 973 2917 et
993 2859 1130 2918 urbanus
1149 2863 1181 2917 et
1201 2864 1230 2909 20

139 2984 156 3027 4
177 2965 280 3025 bellus
298 2965 372 3022 est?
415 2948 551 3022 Tantum
569 2962 715 3021 licentiae
732 2962 837 3039 pravis
860 2963 994 3038 ingeniis
1012 2962 1109 3022 adicit
1125 2963 1181 3021 illa

177 3069 294 3129 fiducia
318 3069 408 3145 ‘quis
433 3067 516 3127 enim
539 3067 662 3127 sciet?’
715 3067 862 3144 Poposcit
889 3067 1046 3141 tabellam,
1071 3067 1180 3126 stilum

178 3174 308 3252 accepit,
330 3173 458 3233 demisit
481 3178 583 3249 caput,
606 3173 762 3231 neminem
788 3179 920 3248 veretur,
944 3191 976 3232 se
999 3173 1178 3232 contemnit.

179 3282 259 3341 Inde
276 3281 339 3340 ista
354 3279 491 3339 ludibria
511 3296 622 3338 scaena
639 3284 671 3337 et
692 3278 816 3356 pulpito
838 3278 940 3353 digna.
983 3279 1049 3348 Quo
1070 3284 1101 3337 te
1116 3298 1181 3337 ver-

177 3389 250 3447 tas?
286 3403 366 3462 quae
394 3384 531 3443 remedia
558 3385 748 3461 conquiras?
784 3383 900 3459 ubique
927 3383 1007 3442 vitia
1034 3383 1180 3442 remediis
1200 3395 1228 3438 25

178 3491 318 3552 fortiora.
362 3489 455 3550 Ἀλλὰ
474 3494 561 3549 ταῦτα
581 3493 622 3568 τῷ
641 3493 710 3568 ὑπὲρ
732 3491 804 3566 ἡμᾶς
825 3490 951 3566 μελήσει,
974 3489 1024 3547 cul
1045 3489 1179 3547 multum

177 3590 292 3660 co'tidie
320 3595 508 3671 vigiliarum,
538 3594 672 3654 multum
700 3594 815 3654 laboris
844 3595 941 3654 adicit
969 3594 1045 3653 haec
1074 3600 1181 3656 nostra

139 3719 156 3766 5
178 3706 262 3767 iners
284 3707 316 3765 et
337 3707 443 3762 tamen
464 3701 617 3760 effrenata
637 3699 821 3778 petulantia.
864 3700 951 3761 Vale.
