2664 4170
476 253 738 304 nersrunauuu
761 254 810 305 vr.
832 255 873 305 ro.
1136 246 1172 310 81

172 427 289 501 ambio,
305 446 361 503 ego
382 427 557 505 periclitor:
586 428 620 487 in
641 448 771 504 summa,
792 429 818 489 si
840 429 933 489 datur
952 428 1074 490 Nasoni
1095 429 1178 506 quod

172 532 265 610 petit,
280 532 367 593 illius
381 532 496 609 honor3
519 533 547 593 si
561 540 702 610 negatur,
718 553 787 594 mea
802 534 927 613 repulsa
940 539 996 594 est.
1038 534 1126 595 Vale.

594 766 647 828 er.
676 763 762 846 (rx.)

427 922 457 974 C.
482 924 625 975 PLINIUS
648 924 781 976 TACITO
805 924 872 975 SUO
896 924 922 975 S.

310 1071 419 1121 Tacitus
430 1072 480 1122 tas
492 1072 589 1134 becced
600 1073 683 1134 Pliny
695 1079 721 1123 to
733 1079 845 1136 support
856 1073 951 1123 Julius
963 1072 1048 1125 Naso.

138 1222 152 1267 1
215 1217 422 1278 Commendas
446 1216 525 1275 mihi
546 1217 663 1276 Iulium
684 1219 844 1279 Nasonem
863 1218 1073 1279 candidatum.
1116 1221 1178 1280 Na

174 1340 282 1381 sonem
297 1321 404 1381 mihi?
425 1322 502 1399 quid
517 1323 544 1382 si
558 1323 748 1400 meipsum?
792 1325 870 1383 Fero
881 1331 987 1383 tamen
999 1330 1031 1384 et
1042 1326 1175 1400 ignosco.

172 1428 319 1487 Eundem
334 1428 417 1486 enim
432 1428 696 1488 commendassem
717 1429 785 1502 tibi,
801 1430 828 1489 si
849 1435 881 1488 te
901 1430 1020 1489 Romae
1038 1435 1178 1489 morante
1197 1442 1211 1487 c

173 1533 243 1610 ipse
257 1532 417 1592 afuissem.
460 1532 567 1592 Habet
581 1533 639 1592 hoc
657 1533 845 1608 sollicitudo,
861 1534 944 1612 quod
958 1535 1063 1594 omnia
1076 1553 1178 1594 neces

137 1646 153 1690 2
174 1637 259 1698 saria
280 1643 379 1714 putat.
422 1638 470 1697 Tu
484 1643 599 1712 tamen,
615 1656 734 1713 censeo,
750 1638 828 1698 alios
845 1658 951 1715 roges3
974 1658 1031 1717 ego
1051 1657 1178 1717 precum

172 1747 299 1802 tuarum
315 1741 461 1802 minister
475 1742 599 1802 adiutor
613 1742 770 1820 particeps
785 1761 845 1803 ero.
888 1743 976 1804 Vale.

601 1995 653 2057 ⁶⁸
682 1993 750 2074 (X)

425 2151 454 2202 c.
480 2152 625 2202 rnrurus
647 2153 784 2204 Annruo
808 2152 875 2204 suo
899 2153 925 2205 s.

241 2297 349 2360 Prisca
360 2298 567 2350 mother-iudam
580 2313 653 2349 ccctis
664 2313 681 2350 a
692 2301 759 2350 uilla
770 2301 855 2350 retich
868 2314 931 2351 once
946 2301 1074 2364 belooycd
1085 2308 1111 2353 to

554 2389 696 2452 Veryioius
708 2390 806 2453 Rufus.

136 2548 151 2592 1
215 2536 294 2596 Cum
316 2535 471 2596 venissem
492 2534 527 2594 in
545 2554 651 2595 socrus
670 2553 757 2595 meae
772 2536 879 2596 villam
896 2537 1081 2613 Alsiensem,
1098 2557 1177 2616 quae

173 2641 344 2719 aliquando
358 2640 432 2701 Rufi
447 2640 578 2717 Vergini
592 2641 664 2716 fuit,
680 2641 747 2719 ipse
762 2641 841 2700 mihi
861 2643 947 2702 locus
962 2644 1072 2720 optimi
1091 2643 1177 2703 illius
1197 2651 1226 2696 10

173 2752 207 2806 et
231 2745 361 2805 maximi
385 2745 446 2805 viri
471 2746 660 2806 desiderium
689 2766 751 2805 non
779 2747 846 2807 sine
875 2748 979 2806 dolore
1004 2748 1175 2807 renovavit.

174 2852 270 2910 Hunc
286 2851 370 2910 enim
387 2850 488 2910 colere
508 2870 661 2911 secessum
680 2857 773 2928 atque
795 2852 889 2912 etiam
913 2853 1081 2912 senectutis
1103 2872 1176 2913 suae

136 2956 317 3014 anidulum
346 2974 455 3015 vocare
484 2962 693 3017 consueverat.
737 2958 936 3034 Quocumque
961 2978 1009 3016 me
1032 2958 1178 3018 contulis-

173 3079 249 3134 sem,
262 3060 352 3119 illum
367 3060 498 3135 animus,
510 3060 602 3120 illum
612 3061 693 3120 oculi
709 3061 916 3138 requirebant.
960 3063 1067 3122 Libuit
1082 3064 1176 3123 etiam

136 3187 153 3232 3
173 3165 401 3225 monimentum
415 3165 482 3226 eius
497 3166 613 3241 videre,
629 3172 661 3226 et
675 3167 791 3227 vidisse
809 3167 974 3244 paenituit.
1015 3170 1074 3228 Est
1093 3169 1176 3228 enim
1196 3173 1224 3219 1⁶

173 3271 276 3332 adhuc
291 3271 509 3348 inperfectum,
525 3291 581 3331 nec
596 3271 761 3333 difficultas
776 3273 878 3350 operis
898 3273 931 3332 in
946 3293 1047 3348 causa,
1062 3275 1176 3334 modici

173 3395 209 3436 ac
231 3376 336 3453 potius
358 3376 472 3452 exigui,
493 3378 548 3436 sed
568 3378 684 3437 inertia
705 3378 770 3438 eius
792 3379 842 3438 cui
861 3399 934 3439 cura
952 3380 1100 3439 mandata
1118 3386 1174 3440 est.

174 3480 267 3541 Subit
288 3481 464 3556 indignatio
485 3501 554 3541 cum
575 3483 784 3558 miseratione,
799 3490 871 3560 post
892 3485 1045 3544 decimum
1066 3485 1175 3545 mortis

173 3605 291 3646 annum
313 3586 461 3664 reliquias
483 3588 721 3665 neglectumque
743 3588 878 3648 cinerem
900 3589 1175 3664 sinetitu10‚sine

172 3691 299 3752 nomine
314 3691 423 3765 iacere,
438 3692 527 3752 cuius
541 3693 690 3752 memoria
703 3695 808 3753 orbem
822 3700 974 3753 terrarum
994 3693 1093 3769 gloria
1110 3713 1176 3771 per·
1194 3698 1223 3743 20
