2664 4170
185 251 226 316 84
602 261 633 312 c.
655 261 755 311 curru

184 435 385 494 Liburnicam
408 435 526 512 aptari:
556 433 643 509 mihi,
672 433 700 494 si
728 435 834 495 venire
862 455 928 496 una
955 437 1084 513 vellem,
1112 437 1185 497 facit

183 540 320 618 copiam:
343 539 490 616 respondi
512 540 637 600 studere
658 558 708 598 me
728 540 832 616 malle,
854 547 887 601 et
908 542 995 602 forte
1017 543 1087 620 ipse
1107 542 1184 620 quod

184 646 349 706 scriberem
367 645 504 704 dederat.
546 644 773 721 Egrediebatur
794 646 902 706 domo:
926 648 1048 725 accipit
1068 647 1210 708 ecdicii-8

184 751 230 811 los
257 750 409 810 Rectinae
437 750 529 810 Tasci
556 749 724 809 inminenti
744 750 883 828 periculo
905 753 1081 813 exterritae
1103 752 1183 831 (nain

150 876 165 922 a
183 856 262 915 villa
275 856 342 915 eius
358 855 546 931 subiaccbat,
561 873 618 914 nec
638 854 705 914 ulla
724 855 787 915 nisi
808 856 943 917 navibus
963 857 1076 940 fuga):
1098 863 1134 917 ut
1154 876 1182 917 sc

183 966 272 1021 tanto
287 959 461 1020 discrimini
475 960 609 1037 eriperet
622 935 774 1031 orabatl(
781 960 885 1022 Vertit
901 961 958 1020 ille
971 963 1183 1024 consiliumet
1197 967 1210 1011 9

184 1067 268 1143 quod
282 1065 420 1125 studioso
435 1064 538 1123 animo
552 1064 753 1125 incohaverat
773 1065 840 1127 obit
860 1066 1007 1126 maximo.
1052 1068 1184 1128 Deducit

184 1170 404 1248 quadriremeS,
419 1169 560 1229 ascendit
574 1169 651 1247 ipse,
660 1188 723 1229 non
737 1170 888 1230 Rectinae
897 1171 992 1231 modo
1008 1172 1067 1232 sed
1080 1172 1184 1232 multis

186 1274 266 1353 (erat
291 1275 374 1334 enirn
402 1275 550 1351 frequens
578 1274 749 1334 amoenitas
769 1277 854 1354 orae)
876 1274 1000 1337 laturus
1023 1279 1182 1337 auxilium.

136 1397 165 1442 10
184 1381 337 1458 Properat
351 1378 427 1437 illuc
440 1378 524 1438 unde
538 1378 594 1438 alii
608 1379 745 1454 fugiunt,
757 1382 938 1456 rectumque
952 1399 1093 1458 cursum,
1104 1389 1185 1442 recta
1200 1389 1224 1434 1⁰

184 1485 393 1560 gubernacula
419 1484 453 1542 in
480 1483 652 1562 periculum
672 1489 768 1559 tenet,
791 1484 867 1544 adeo
895 1484 1020 1546 solutus
1047 1495 1133 1548 metu
1152 1493 1185 1546 ut

184 1591 285 1651 omnis
313 1589 399 1649 illius
421 1588 497 1648 mali
517 1595 629 1664 motus,
650 1588 751 1649 omnis
771 1587 897 1666 figuras,
917 1596 956 1650 ut
977 1592 1186 1670 deprenderat

185 1695 292 1770 oculis,
314 1694 446 1754 dictaret
470 1698 680 1772 enotaretque.
723 1695 792 1755 Iam
812 1693 946 1755 navibus
967 1696 1052 1756 cinis
1075 1698 1187 1758 incide·
1203 1702 1226 1747 11

185 1801 247 1874 bat,
276 1819 337 1876 quo
364 1798 492 1876 propius
521 1799 710 1874 accederent,
739 1798 870 1859 calidior
897 1806 929 1861 et
957 1801 1098 1878 densior,
1126 1804 1187 1863 iam

137 1925 166 1969 15
185 1906 324 1983 pumices
338 1905 433 1964 etiam
447 1903 591 1982 nigrique
606 1909 639 1964 et
652 1905 789 1965 ambusti
803 1910 835 1964 et
848 1905 943 1965 fracti
959 1906 1033 1982 igne
1055 1908 1187 1986 lapides,

186 2011 247 2069 iam
268 2011 382 2069 vadum
406 2008 544 2069 subitum
571 2009 723 2086 ruinaque
750 2009 866 2070 montis
893 2010 989 2070 litora
1016 2014 1186 2074 obstantia

186 2116 357 2177 Cunctatus
371 2113 499 2191 paulum
513 2133 554 2174 an
568 2119 651 2174 retro
671 2113 819 2190 flecteret,
834 2134 906 2174 mox
926 2116 1133 2192 gubernatori
1153 2126 1188 2179 ut

186 2221 231 2280 ita
245 2221 362 2278 faceret
376 2219 516 2278 monenti
532 2219 663 2280 ‘fortes’
679 2219 783 2297 inquit
804 2220 950 2280 ‘fortuna
969 2221 1079 2283 iuvat:
1102 2226 1189 2285 Pom·

186 2325 354 2402 ponianum
383 2325 473 2401 pete’
516 2323 633 2385 Stabiis
661 2330 737 2400 erat,
760 2325 934 2404 diremptus
962 2327 1036 2388 sinu
1066 2331 1186 2405 medi03

138 2449 167 2494 ω
186 2449 258 2488 nam
274 2429 389 2488 sensim
404 2429 598 2488 circumactis
612 2429 810 2506 curvatisque
820 2429 965 2492 litoribus
981 2451 1069 2493 mare
1084 2434 1189 2494 infun·

186 2535 280 2592 ditur.
324 2533 384 2607 lbi,
399 2552 587 2610 quamquam
601 2534 740 2593 nondum
754 2535 892 2612 periculo
903 2537 1186 2617 adpropinquante,

187 2639 353 2715 conspicuo
367 2644 480 2712 tamen,
496 2643 611 2698 etcum
625 2644 784 2714 cresceret,
800 2640 949 2717 proximo,
965 2642 1107 2704 sarcinas
1121 2663 1189 2704 con-

187 2744 303 2802 tulerat
317 2743 350 2800 in
369 2761 473 2816 naves,
488 2748 592 2803 certus
613 2744 716 2819 fugae,
732 2745 759 2803 si
780 2745 952 2806 contrarius
973 2753 1089 2808 ventus
1112 2767 1189 2809 rese

188 2848 302 2921 disset3
325 2866 387 2923 quo
401 2852 475 2907 tunc
496 2850 668 2908 avunculus
689 2866 776 2909 meus
797 2848 1022 2910 secundissimo
1043 2853 1188 2914 invectus

139 2970 168 3014 25
188 2952 394 3029 conplectitur
404 2951 622 3029 trepidantem,
633 2953 819 3026 consolatur,
829 2956 980 3031 hortatur,
991 2960 1091 3035 utque
1101 2959 1190 3019 timo

189 3077 253 3116 rem
268 3058 334 3117 eius
349 3076 406 3117 sua
420 3059 586 3117 securitate
601 3057 723 3131 leniret,
734 3058 850 3116 deferri
864 3059 897 3118 in
912 3059 1071 3120 balineum
1085 3062 1188 3124 iubet:

189 3162 271 3221 lotus
287 3162 424 3236 accubat,
439 3167 530 3221 cenat
543 3167 598 3220 aut
611 3161 722 3221 hilaris
744 3168 806 3237 aut,
822 3164 905 3239 quod
919 3183 1015 3241 aeque
1030 3185 1190 3243 magnum,

190 3266 301 3326 similis
317 3266 420 3326 hilari.
462 3266 596 3325 Interim
610 3284 627 3324 e
640 3267 777 3327 Vesuvio
791 3273 896 3327 monte
908 3268 1051 3346 pluribus
1065 3271 1099 3329 in
1114 3271 1192 3332 locis
1208 3271 1233 3319 1³

190 3371 361 3432 latissimae
382 3371 524 3431 flammae
546 3371 671 3447 altaque
692 3371 837 3431 incendia
853 3373 1042 3449 relucebant,
1058 3394 1193 3452 quorum

143 3493 173 3539 ao
191 3477 295 3551 fulgor
309 3481 341 3534 et
355 3476 481 3535 claritas
496 3476 633 3535 tenebris
648 3477 749 3535 noctis
764 3476 964 3537 excitabatur.
1008 3478 1070 3538 Ille
1091 3499 1195 3557 agres-

191 3581 271 3639 tium
298 3581 508 3658 trepidatione
536 3581 623 3657 ignes
652 3581 775 3640 relictos
800 3583 999 3660 desertasque
1020 3583 1115 3646 villas
1138 3607 1195 3665 per

193 3684 392 3744 solitudinem
421 3687 529 3746 ardere
557 3686 590 3745 in
619 3688 788 3747 remedium
814 3687 992 3748 formidinis
1014 3688 1195 3756 dictitabat.
