2664 4170
416 238 678 290 muscetanum
702 240 751 290 v1.
771 239 811 291 34.
1072 233 1110 295 91

80 491 88 502 .
108 434 180 475 mus
202 413 311 488 dolori,
334 419 366 473 et
386 413 419 472 in
441 412 637 491 amplissima
656 432 758 488 causa,
779 414 868 491 quasi
890 434 1003 490 magno
1024 417 1111 491 mari,

59 530 88 575 11
108 520 254 599 pluribus
269 520 372 580 ventis
391 538 499 580 sumus
521 519 611 579 vecti.
655 520 694 578 In
716 539 846 592 summa,
862 520 964 579 solent
984 521 1112 598 quidam

108 644 148 686 ex
173 625 448 686 contubernalibus
476 626 593 686 nostris
618 625 799 685 existimare
824 626 904 685 hanc
929 627 1111 702 orationem,

107 731 223 791 iterum
245 731 357 806 dicam,
378 736 414 791 ut
435 730 517 790 inter
538 749 633 806 meas,
648 733 717 808 ὑπὲρ
739 735 945 810 Κτησιφῶντος
967 749 1049 810 esse:
1071 752 1112 792 an

108 854 191 911 vere,
207 843 243 896 tu
257 830 409 896 facillime
423 835 587 911 iudicabis,
602 835 656 912 qui
671 841 735 895 tam
752 837 932 895 memoriter
947 842 1037 898 tenes
1051 857 1113 896 orn·
1130 859 1145 903 ις

107 959 164 1001 nes
186 948 222 1001 ut
242 941 384 1001 conferre
404 959 475 1001 cum
495 940 564 1016 hac,
580 941 654 999 dum
674 939 754 1000 hanc
776 940 874 1001 solam
895 940 984 1018 legis,
999 942 1109 1020 possis.

107 1046 196 1107 Vale.

479 1169 531 1231 re
560 1167 742 1249 (xxxrv.)

351 1328 381 1380 C.
405 1328 550 1379 PLINIUS
573 1328 725 1378 MAXIMO
748 1328 816 1379 SUO
839 1329 867 1381 S.

340 1474 366 1526 A
377 1476 554 1539 aladiatorial
565 1476 713 1526 exhibitioa
725 1483 753 1527 at
770 1475 882 1528 Verona.

71 1631 87 1676 1
148 1621 246 1680 Recte
255 1619 361 1680 fecisti
370 1621 454 1697 quod
464 1619 673 1697 gladiatorum
683 1623 1033 1683 munusVeronensibus
1044 1643 1110 1684 nos

107 1725 167 1786 tris
183 1725 366 1804 promisisti,
385 1743 404 1784 a
424 1725 537 1803 quibus
554 1726 628 1791 olim
647 1726 771 1802 amaris,
787 1727 964 1805 suspiceris,
980 1729 1108 1789 ornaris.

108 1831 189 1890 Inde
214 1831 308 1890 etiam
333 1849 462 1891 uxorem
490 1831 684 1891 carissimam
712 1831 771 1891 tibi
800 1838 832 1892 et
859 1833 1109 1910 probatissimam
1130 1854 1159 1899 10

107 1935 256 2010 habuisti,
272 1935 361 1996 cuius
375 1936 541 1995 memoriae
556 1942 611 1996 aut
632 1956 709 2014 opus
731 1936 859 2014 aliquod
880 1944 934 1997 aut
955 1944 1111 2015 spectacu-

107 2041 183 2116 lum,
200 2046 294 2117 atque
308 2039 366 2100 hoc
385 2040 582 2118 potissimum
601 2042 685 2118 quod
700 2031 836 2102 maxime
853 2042 967 2118 funeri,
983 2043 1111 2103 debeba-

71 2162 88 2207 2
106 2153 168 2207 tur.
211 2147 379 2205 Praeterea
394 2152 483 2206 tanto
504 2165 657 2207 consensu
677 2148 836 2223 rogabaris
858 2154 894 2208 ut
914 2168 1027 2226 negare
1047 2168 1110 2209 non

107 2257 255 2311 constans
284 2251 339 2311 sed
368 2251 480 2311 durum
505 2252 672 2312 videretur.
726 2253 812 2313 Illud
838 2273 959 2331 quoque
987 2255 1109 2330 egregie

72 2358 192 2436 equod
213 2364 278 2418 tam
300 2359 413 2435 facilis,
435 2365 500 2419 tam
522 2359 662 2419 liberalis
686 2360 720 2418 in
741 2360 861 2419 edendo
885 2360 985 2420 fuisti.
1027 2361 1109 2420 Nam
1130 2382 1158 2426 15

107 2481 164 2541 per
181 2461 257 2523 haec
270 2463 364 2523 etiarn
379 2483 511 2539 magnus
526 2465 648 2523 animus
663 2465 847 2524 ostenditur.
890 2464 1011 2525 Vellem
1027 2466 1110 2524 Afri-

107 2587 203 2629 canae
218 2587 296 2645 quas
310 2577 466 2628 coemeras
481 2569 633 2646 plurimas
648 2570 689 2629 ad
702 2569 901 2646 praefinitum
917 2570 998 2628 diem
1009 2589 1110 2629 occur-

107 2674 241 2733 rissent:
264 2673 323 2734 sed
344 2673 419 2733 lieet
439 2674 632 2734 cessaverint
652 2673 727 2734 illae
748 2680 934 2752 tempestate
956 2676 1109 2748 detentae,

107 2784 264 2838 tutamen
280 2779 421 2839 meruisti
436 2785 472 2838 ut
486 2785 647 2856 acceptum
662 2780 721 2839 tibi
736 2779 826 2839 fieret
836 2781 920 2856 qnod
931 2800 993 2857 quo
1007 2782 1110 2840 minus

108 2883 274 2944 exhiberes
288 2903 352 2944 non
365 2903 420 2963 per
434 2891 466 2944 te
481 2885 579 2945 stetit.
622 2885 709 2944 Vale.
1130 2897 1159 2941 ao
