2664 4170
249 283 291 349 12
678 290 708 346 o.
729 291 829 346 mnu

248 473 296 529 Tu
311 471 444 530 fortasse
460 489 508 528 me
527 479 617 546 putes
640 470 808 529 indulsisse
823 469 921 528 amori
935 487 1004 528 meo
1020 487 1181 547 supraque
1196 468 1255 529 ista
1272 480 1294 526 10

248 595 341 653 quam
363 595 411 635 res
433 576 552 652 patitur
576 575 748 635 sustulisse.
792 574 837 634 At
857 593 914 650 ego
935 573 998 634 fide
1021 594 1092 634 mea
1116 577 1253 653 spondeo

248 681 389 739 futurum
405 688 440 739 ut
454 682 559 739 omnia
579 680 668 754 longe
691 679 844 756 ampliora
866 699 959 756 quam
974 699 993 739 a
1007 699 1058 738 me
1073 682 1252 757 praedican-

247 792 299 845 tur
313 786 462 844 invenias.
506 785 613 861 Diligo
628 786 754 861 quidem
774 785 1006 844 adulescentem
1021 785 1250 860 ardentissime,

212 905 227 948 5
249 891 330 950 sicut
352 896 503 963 meretur;
527 891 580 949 sed
603 890 659 948 hoc
683 891 786 966 ipsum
806 889 941 949 amantis
959 895 1017 964 est,
1039 909 1105 948 non
1125 909 1250 950 onerare

248 1014 318 1054 eum
333 995 486 1054 laudibus
530 995 617 1055 Vale.

659 1302 711 1360 11.
740 1299 837 1379 (xv.)

406 1481 435 1530 C.
462 1479 605 1529 PLINIUS
629 1479 794 1530 SEPTICIO
818 1478 940 1530 CLARO
965 1477 1032 1529 SUO
1059 1478 1086 1530 S.

343 1647 474 1710 Septicius
485 1651 509 1696 is
521 1649 624 1698 scolded
631 1649 679 1710 for
691 1648 820 1709 treutinq
832 1661 849 1696 o
861 1648 958 1696 diuuer
970 1654 1154 1710 capacemeut.

288 1824 376 1883 Heus
391 1829 427 1882 tu
442 1823 599 1899 promittis
612 1822 652 1881 ad
666 1840 773 1881 cenam
789 1840 845 1880 neo
859 1821 965 1880 venis!
988 1821 1114 1880 Dicitur
1130 1822 1196 1883 ius:
1213 1823 1251 1882 ad
1268 1838 1280 1881 1

248 1948 347 1988 assem
359 1928 542 2005 inpendium
554 1928 674 2001 reddes,
686 1945 742 1985 neo
758 1927 790 1984 id
805 1927 969 1985 modicum.
1012 1926 1147 1986 Paratae
1163 1933 1252 1988 erant
1268 1942 1281 1987 a

249 2035 387 2093 lactucae
410 2032 559 2108 singulae,
585 2033 729 2091 cochleae
752 2038 867 2106 ternae,
892 2050 951 2091 ova
971 2032 1053 2105 bina,
1077 2031 1161 2091 alica
1181 2052 1251 2092 cum

200 2152 228 2196 10
249 2140 349 2198 mulso
363 2144 395 2198 et
409 2139 482 2197 nive
500 2138 584 2216 (nam
606 2138 686 2197 hanc
701 2155 823 2214 quoque
838 2137 1042 2213 computabis,
1057 2136 1156 2196 immo
1172 2137 1251 2197 hanc

248 2247 280 2303 in
304 2244 423 2322 primis,
442 2263 520 2320 quae
543 2243 638 2321 periit
660 2243 693 2301 in
716 2242 859 2322 ferculo),
876 2241 985 2316 olivae,
1001 2242 1130 2316 betacei,
1145 2261 1251 2302 cucur·

248 2351 340 2421 bitae,
352 2349 448 2424 bulbi,
461 2348 523 2407 alia
536 2349 623 2406 mille
635 2368 696 2406 non
711 2348 814 2406 minus
829 2347 923 2406 lauta.
966 2347 1121 2407 Audisses
1134 2367 1252 2408 comoe-

248 2456 303 2514 dos
325 2455 375 2514 vel
397 2455 543 2513 lectorem
565 2454 614 2512 vel
640 2453 774 2531 lyristen
797 2453 856 2526 vel,
879 2471 958 2529 quae
979 2472 1049 2511 mea
1064 2452 1250 2528 liberalitas

248 2579 361 2620 omnes.
405 2560 449 2619 At
466 2566 501 2618 tu
519 2560 602 2636 apud
621 2558 725 2617 nescio
742 2576 834 2635 quern
849 2564 960 2632 ostrea,
976 2557 1094 2632 vulvas,
1111 2559 1250 2634 echinos,
1269 2572 1283 2618 3

200 2672 227 2716 15
248 2666 421 2726 Gaditanas
437 2665 584 2724 maluisti.
627 2664 725 2723 Dabis
740 2682 864 2741 poenas,
874 2682 937 2721 non
952 2662 1022 2722 dico
1033 2682 1119 2740 quas.
1163 2665 1250 2724 Dure

247 2771 368 2832 fecisti:
392 2771 545 2844 invidisti,
561 2770 666 2830 nescio
681 2789 721 2828 au
735 2769 802 2843 tibi,
819 2776 902 2828 certe
923 2767 1010 2842 mihi,
1026 2769 1080 2827 sed
1094 2773 1205 2829 tamen
1219 2775 1251 2829 et

247 2877 314 2936 tibi.
357 2878 514 2948 Quantum
525 2895 581 2935 nos
597 2875 788 2947 lusissemus,
801 2874 987 2947 risissemus,
1004 2874 1249 2936 studuissemus!

247 2984 341 3042 Potes
365 2982 543 3059 apparatius
567 2999 675 3039 cenare
691 2980 774 3056 apud
796 2979 920 3051 multos,
936 2997 1091 3055 nusquam
1114 2979 1250 3041 hilarius
1268 2995 1283 3041 4

248 3086 421 3165 simplicius
437 3086 600 3145 incautius.
644 3086 683 3142 ln
699 3067 827 3158 summa,
844 3083 995 3161 experire,
1009 3089 1040 3142 et
1054 3082 1115 3143 nisi
1139 3091 1251 3162 postea

198 3206 227 3250 20
247 3198 278 3250 te
293 3191 364 3251 aliis
379 3191 484 3268 potius
499 3189 704 3263 excusaveris,
720 3189 799 3247 mihi
811 3207 932 3266 semper
946 3207 1068 3248 excusa.
1111 3190 1200 3250 Vale.
