2664 4170
612 238 643 288 C.
662 236 762 286 PLINI

575 480 627 540 15.
656 476 793 557 (xxii.)

345 637 375 687 C.
400 637 545 687 PLINIUS
568 637 715 686 CATILIO
739 634 882 685 SEVERO
907 634 975 686 SUO
999 633 1051 710 S..

383 782 408 832 T
407 785 438 833 lie
444 785 576 846 fortitude
588 785 620 847 os
628 783 719 832 Aristo
732 785 762 832 ia
774 784 878 852 serious
890 783 990 831 illaesa

227 930 291 989 Diu
305 929 367 989 iam
389 929 423 987 in
443 929 519 988 urbe
533 929 653 1002 haereo,
669 934 701 986 et
718 927 844 1004 quidem
859 926 1020 986 attonitus.
1064 927 1191 986 Pertur·
1208 947 1219 990 1

187 1037 241 1095 bat
262 1054 311 1093 me
333 1035 425 1110 longa
446 1039 478 1093 et
501 1034 645 1111 pertinax
668 1033 814 1092 valetudo
829 1031 895 1090 Titi
909 1031 1079 1106 Aristonis,
1096 1051 1190 1108 quem

188 1140 389 1216 singulariter
403 1146 434 1199 et
448 1140 544 1197 miror
559 1146 590 1198 et
609 1138 715 1213 diligo,
757 1135 849 1196 Nihil
871 1142 919 1196 est
940 1136 1023 1194 enirn
1045 1136 1103 1195 illo
1126 1156 1191 1212 gra

186 1246 265 1320 vius,
279 1247 426 1320 sanctius,
438 1245 569 1318 doctius,
581 1251 617 1303 ut
631 1244 709 1302 mihi
724 1262 785 1301 non
796 1261 878 1301 unus
888 1241 981 1300 homo
992 1242 1048 1300 sed
1062 1241 1189 1302 litterae

152 1366 166 1410 u
187 1353 272 1429 ipsae
287 1369 455 1428 omnesque
469 1351 567 1410 bonae
582 1355 664 1408 artes
680 1349 713 1406 in
727 1367 789 1406 uno
800 1347 925 1405 homine
941 1365 1096 1406 summum
1112 1349 1191 1425 peri-

187 1457 291 1516 culum
303 1457 389 1516 adire
400 1457 574 1514 videantur.
617 1456 715 1525 Quam
727 1453 847 1530 peritus
862 1451 916 1510 ille
931 1459 962 1510 et
977 1452 1096 1529 privati
1111 1453 1189 1514 iuris
1208 1470 1222 1513 2

187 1568 218 1622 et
239 1562 371 1639 publici!
394 1566 545 1638 quantum
560 1579 671 1635 rerum,
687 1567 838 1637 quantum
856 1562 1078 1638 exemplorum,
1093 1581 1191 1638 quan-

186 1675 254 1726 tum
282 1667 481 1744 antiquitatis
508 1668 608 1725 tenet!
650 1666 740 1725 Nihil
769 1673 818 1726 cst
845 1667 928 1743 quod
953 1666 1072 1725 discere
1096 1666 1189 1741 velia,

187 1773 269 1850 quod
284 1771 338 1830 ille
356 1772 465 1830 docere
483 1790 544 1829 non
561 1772 674 1849 possit:
698 1771 776 1829 mibi
798 1778 889 1845 certe,
905 1771 1050 1848 quotiens
1065 1770 1189 1849 aliquid

138 1894 166 1937 10
186 1878 328 1937 abditum
344 1895 467 1954 quaero,
479 1876 533 1935 ille
548 1878 713 1937 thesaurus
729 1881 785 1935 est.
829 1877 897 1935 Iam
912 1881 1030 1954 quanta
1040 1877 1190 1936 sermoni·
1208 1893 1223 1938 3

185 1985 243 2044 bus
258 1983 324 2042 eius
345 1982 432 2056 fides
448 1987 566 2059 quanta
586 1983 764 2056 auctoritas,
780 2001 873 2059 quam
893 2000 1002 2059 pressa
1022 1986 1053 2040 et
1076 1981 1190 2042 decora

186 2088 358 2148 cunctatio!
388 2087 465 2164 quid
486 2091 534 2146 est
555 2087 638 2163 quod
659 2106 721 2145 non
742 2088 848 2146 statim
870 2087 971 2147 sciat?
1012 2087 1056 2144 Et
1080 2091 1188 2146 tamen

186 2195 369 2270 plerumque
394 2192 538 2266 haesitat,
561 2192 685 2251 dubitat
714 2192 895 2252 diversitate
919 2191 1084 2266 rationum,
1107 2211 1187 2268 quas

186 2299 250 2358 aori
277 2316 451 2374 magnoque
479 2297 595 2356 iudicio
623 2297 662 2356 ab
684 2297 804 2372 origine
826 2297 988 2373 causisque
1009 2296 1120 2374 primis
1143 2316 1189 2356 re-

137 2421 165 2465 15
185 2404 276 2480 petit,
291 2403 449 2476 discernit,
466 2403 622 2479 expendit.
666 2402 717 2461 Ad
732 2403 790 2461 hoo
802 2422 899 2479 quam
913 2420 1024 2479 parcus
1038 2401 1073 2460 in
1086 2402 1186 2477 victu,
1206 2421 1222 2466 4

186 2528 279 2585 quam
294 2509 432 2567 modicus
448 2508 481 2565 in
496 2508 596 2567 cultu!
640 2508 730 2568 Soleo
748 2509 851 2585 ipsum
868 2507 1042 2567 cubiculum
1059 2507 1126 2567 eius
1142 2507 1189 2585 ip

186 2632 316 2690 sumque
331 2613 446 2672 lectum
462 2619 497 2671 ut
514 2613 681 2688 imaginem
704 2614 860 2690 quandam
882 2613 1002 2690 priscae
1022 2612 1188 2687 frugalita

185 2719 228 2779 tis
251 2719 396 2795 aspicere.
440 2718 539 2777 Ornat
561 2719 637 2777 haec
662 2718 844 2794 magnitudo
867 2717 972 2792 animi,
998 2735 1077 2795 quae
1103 2717 1221 2776 nihile

185 2825 226 2884 ad
240 2823 489 2897 ostentationem,
505 2824 609 2883 onmia
623 2825 663 2883 ad
678 2822 897 2883 conscientiam
921 2823 1018 2883 refert
1038 2827 1186 2900 recteque

136 2944 165 2989 20
185 2929 263 2988 facti
277 2948 339 2987 non
354 2948 391 2987 ex
407 2928 515 3006 populi
530 2948 669 2988 sermone
684 2929 854 2988 mercedem
872 2929 927 2988 sed
941 2947 979 2987 ex
993 2929 1078 2987 facto
1092 2928 1185 3005 petit.

185 3036 225 3092 In
240 3053 360 3094 summa
375 3053 436 3093 non
457 3034 551 3092 facile
573 3053 759 3111 quemquam
781 3052 820 3092 ex
841 3033 912 3094 istis
934 3033 988 3111 qui
1010 3032 1186 3110 sapientiae
1205 3040 1221 3085 6

186 3140 324 3199 studium
338 3139 449 3199 habitu
463 3138 599 3215 corporis
615 3138 797 3215 praeferunt
810 3139 883 3198 huic
898 3139 965 3197 viro
979 3137 1183 3215 comparabis.

184 3245 258 3304 Non
272 3244 398 3321 quidem
414 3244 578 3322 gymnasia
592 3249 728 3303 sectatur
745 3248 799 3303 aut
820 3244 957 3322 porticus
974 3262 1031 3302 nec
1046 3243 1186 3320 disputa-

184 3349 322 3409 tionibus
344 3349 445 3424 longis
467 3349 597 3408 aliorum
619 3349 717 3408 otium
739 3368 890 3426 suumque
913 3350 1056 3422 delectat,
1073 3348 1128 3408 sed
1149 3348 1184 3406 in

135 3472 163 3516 25
184 3461 257 3530 toga
270 3454 465 3531 negotiisque
480 3460 630 3527 versatur,
643 3455 757 3514 multos
772 3455 983 3529 advocatione,
995 3454 1100 3531 plures
1114 3471 1185 3512 con-

185 3559 255 3618 silio
269 3560 365 3618 iuvat.
408 3559 536 3618 Nemini
550 3566 656 3619 tamen
670 3560 801 3619 istorum
815 3560 969 3633 castitate,
981 3559 1107 3636 pietate,
1123 3559 1184 3619 ius
1203 3571 1218 3618 7

183 3664 263 3738 titia,
287 3665 475 3724 fortitudine
497 3665 591 3724 etiam
613 3664 714 3742 primo
735 3664 802 3723 loco
823 3664 959 3724 cesserit.
1010 3663 1181 3735 Mirareris,
