2664 4170
189 217 230 280 14
609 230 639 280 c.
663 230 762 304 rnuu

187 401 295 459 hortor
309 407 341 459 et
355 419 471 460 moneo.
508 403 618 478 Neque
633 401 718 460 enim
732 401 825 460 debet
839 400 985 478 operibus
1000 401 1072 462 eius
1088 403 1193 463 obesse
1210 414 1222 458 8

188 507 271 582 quod
298 506 386 564 vivit.
439 506 492 564 An
517 506 544 565 si
568 506 651 565 inter
675 524 727 566 eos
756 525 833 582 quos
857 525 1033 583 numquam
1057 507 1192 567 vidimus

187 612 353 686 floruisset,
375 632 436 671 non
459 613 559 672 solum
580 612 676 672 libros
698 611 765 672 eius
786 630 895 671 verum
919 612 1016 672 etiam
1040 613 1191 689 imagines

188 718 431 795 requirerernus5
454 719 594 779 eiusdem
614 737 697 777 nunc
718 718 816 777 honor
837 718 1014 795 praesentis
1038 725 1072 778 et
1093 720 1192 796 gratia

153 836 167 880 5
188 823 277 900 quasi
293 824 437 883 satietate
452 824 650 899 languescit?
680 823 724 882 At
738 823 795 882 hoc
810 842 941 900 pravum
955 823 1190 902 malignumque
1207 838 1219 882 9

188 935 244 1004 est,
273 948 335 987 non
363 929 510 988 admirari
539 929 696 988 hominem
726 927 930 988 admiratione
959 928 1189 1004 dignissimum,

188 1034 263 1110 quia
283 1034 399 1108 videre,
415 1033 551 1111 adloqui,
566 1033 685 1108 audire,
703 1033 876 1111 complecti,
896 1052 952 1092 nec
974 1033 1107 1094 laudare
1128 1041 1190 1095 tan-

187 1144 254 1197 tum
269 1157 376 1197 verum
390 1139 485 1198 etiarn
499 1158 602 1199 amare
617 1138 757 1214 contigit.
792 1138 878 1199 Vale.

567 1387 620 1447 rc.
649 1383 803 1465 (xviri.)

286 1552 314 1600 C.
341 1549 484 1599 PLINIUS
508 1547 685 1598 SUETONIO
709 1547 944 1608 TRANQUILLO
968 1549 1037 1600 SUO
1062 1551 1091 1602 S.

189 1694 334 1745 Suetonius
347 1695 371 1742 is
383 1693 504 1742 clcrmed
517 1692 577 1753 bea
595 1692 693 1740 dream.
731 1691 814 1752 Pliny
831 1705 966 1741 recreares
984 1693 1041 1742 tim
1053 1695 1132 1755 from
1149 1697 1190 1745 leis

574 1796 632 1832 own
644 1782 801 1843 experiente.

228 1917 343 1977 Scribis
357 1921 389 1975 te
404 1915 603 1992 perterritum
619 1914 739 1975 somnio
752 1915 853 1974 vereri
867 1933 906 1973 ne
921 1915 998 1992 quid
1013 1917 1140 1978 adversi
1157 1919 1189 1977 in
1208 1934 1219 1978 1

138 2035 166 2078 10
187 2024 308 2083 actione
329 2021 469 2099 patiaris,
487 2039 577 2095 rogas
598 2026 634 2078 ut
655 2019 837 2079 dilationem
859 2025 963 2097 petam
984 2027 1017 2080 et
1038 2025 1189 2099 pauculos

187 2130 263 2204 dies,
285 2135 368 2189 certe
389 2128 575 2206 proximum,
596 2144 748 2186 excusem.
792 2125 927 2185 Difficile
948 2133 1005 2202 est,
1022 2128 1077 2186 sed
1100 2148 1189 2208 expe-

186 2235 265 2293 rial:
289 2237 332 2295 καὶ
347 2238 401 2314 γάρ
416 2234 439 2293 τ’
453 2235 519 2309 ὄναρ
534 2236 565 2291 ἔκ
580 2233 647 2295 Διός
663 2235 749 2292 ἔστιν.
792 2231 904 2290 Refert
917 2237 1220 2295 iameneventura2

187 2341 286 2400 soleas
307 2359 345 2398 an
368 2339 523 2398 contraria
544 2337 705 2396 somniare.
748 2335 830 2394 Mihi
850 2337 1010 2413 reputanti
1032 2340 1188 2399 somnium

186 2465 289 2504 meum
304 2445 388 2506 istud
405 2447 487 2523 quod
502 2447 594 2505 times
609 2451 644 2505 tu
659 2445 815 2521 egregiam
829 2445 982 2505 actionem
999 2448 1188 2522 portendere

138 2559 165 2602 15
186 2552 318 2610 videtur.
363 2552 568 2628 Susceperam
586 2570 710 2611 causam
735 2551 808 2609 Iuni
836 2550 986 2624 Pastoris,
1007 2569 1079 2610 cum
1108 2552 1188 2611 mihi
1207 2554 1221 2600 3

186 2657 360 2733 quiescenti
375 2657 443 2716 visa
457 2662 505 2716 est
520 2675 626 2716 socrus
647 2675 716 2715 mea
737 2656 886 2716 advoluta
906 2655 1037 2732 genibus
1059 2675 1098 2715 ne
1121 2676 1189 2734 age

186 2781 251 2820 rem
273 2763 440 2822 obsecrare.
483 2764 526 2821 Et
547 2781 628 2821 eram
652 2767 777 2822 acturus
799 2760 1052 2822 adulescentulus
1074 2762 1187 2838 adhuc,

186 2885 270 2926 eram
292 2867 325 2926 in
346 2868 543 2945 quadruplici
565 2868 689 2942 iudicio,
711 2886 795 2926 eram
817 2871 925 2926 contra
948 2866 1187 2944 potentissimos

185 2973 324 3032 civitatis
352 2979 446 3050 atque
476 2973 570 3032 etiam
605 2973 747 3033 Caesaris
782 2973 914 3047 a1nicos3
948 2991 1027 3049 quae
1062 2972 1189 3048 singula

136 3087 165 3130 20
185 3086 329 3137 excutere
357 3083 492 3136 mentem
517 3077 594 3135 mihi
622 3083 694 3154 post
717 3082 782 3136 tam
806 3077 897 3137 triste
922 3076 1077 3136 somnium
1102 3084 1188 3154 pote

185 3189 264 3241 rant.
307 3183 366 3257 Egi
388 3189 492 3241 tamen
514 3186 697 3262 λογισάμενος
718 3182 799 3241 illud
1205 3191 1221 3236 4

363 3324 401 3386 εἶς
416 3324 507 3385 οἰωνὸς
522 3324 635 3400 ἄριστος
649 3323 802 3398 ἀμύνασθαι
816 3323 879 3400 περὶ
893 3325 1010 3400 πάτρης.

184 3462 264 3521 Nam
282 3461 361 3519 mihi
375 3460 478 3538 patria
492 3467 523 3519 et
538 3461 564 3521 si
579 3447 655 3538 quid
673 3461 774 3520 carius
796 3460 873 3520 fides
896 3460 1068 3519 videbatur.
1112 3442 1196 3520 Pro*

186 3585 274 3644 spere
290 3567 392 3640 cessit,
409 3572 502 3643 atque
523 3567 599 3626 adeo
620 3566 676 3625 illa
697 3566 777 3625 actio
798 3565 877 3624 mihi
899 3584 988 3625 aures
1010 3564 1184 3639 hominum,

136 3681 164 3726 25
185 3671 242 3730 illa
256 3672 380 3730 ianuam
395 3671 497 3730 famae
513 3671 670 3748 patefecit.
713 3671 848 3730 Proinde
866 3670 984 3747 dispice
1001 3688 1042 3729 an
1059 3674 1095 3729 tu
1112 3689 1186 3749 quo
1203 3683 1219 3728 o
