2664 4170
470 245 732 296 nrrsruanauu
755 247 789 296 x,
809 246 851 297 oc.
1094 232 1158 298 125

501 508 576 570 roa
605 506 815 587 (cxxxix.)

469 676 657 727 TRAIANUS
679 676 802 726 PLINIO
825 676 851 727 S.

533 831 661 896 Traiaa's
673 847 783 884 acswcr.

123 1007 137 1052 1
199 988 343 1065 Agnosco
358 994 431 1048 vota
445 994 508 1063 tua,
524 988 568 1046 mi
584 988 724 1048 Secunde
743 987 911 1063 carissime,
927 987 1040 1065 quibus
1057 1005 1160 1065 preca

159 1095 203 1154 ris
217 1100 253 1154 ut
267 1094 418 1172 plurimos
440 1100 472 1154 et
493 1094 693 1155 felicissimos
714 1093 835 1153 natales
856 1093 986 1153 florente
1007 1098 1093 1153 statu
1113 1093 1159 1153 rei

158 1200 302 1278 publicae
316 1204 440 1260 nostrae
454 1219 553 1275 agam.

533 1453 608 1515 roe.
636 1451 777 1531 (xcvi.)

337 1621 367 1672 C.
390 1621 535 1673 PLINIUS
557 1621 723 1671 TRAIANO
746 1621 984 1673 IMPERATORI.

161 1782 243 1843 Pliny
261 1781 324 1832 aska
338 1781 388 1845 sor
409 1782 584 1831 instructions
602 1780 661 1830 bow
683 1786 710 1830 to
733 1786 802 1831 treet
824 1781 867 1831 the
893 1779 1046 1832 Christiana
1068 1782 1099 1831 ia
1119 1781 1184 1834 his.

591 1885 725 1934 provence.

126 2009 139 2054 1
200 1999 357 2059 sollemne
371 2003 420 2058 est
433 1997 522 2073 mihi,
537 1998 671 2073 domine,
687 1997 792 2057 omnia
806 1998 845 2057 de
861 1998 976 2076 quibus
995 1998 1104 2058 dubito
1120 1999 1161 2058 ad

160 2111 191 2164 te
215 2105 340 2164 referre.
382 2103 458 2174 Quis
483 2102 567 2162 enim
591 2107 696 2181 potest
719 2102 833 2163 melius
857 2104 908 2162 vel
930 2104 1195 2164 cunctationem

80 2189 86 2197 ’
160 2228 260 2269 meam
274 2227 381 2285 regere
398 2209 448 2268 vel
470 2208 679 2283 ignorantiam
699 2207 882 2268 instruere?
923 2208 1162 2284 Cognitionibus

161 2316 199 2373 de
222 2313 412 2375 Christianis
434 2313 567 2373 interfui
591 2331 778 2389 numquam:
810 2313 880 2373 ideo
904 2314 1009 2374 nescio
1031 2314 1162 2390 quidet

125 2434 140 2478 2
160 2427 314 2497 quatenus
330 2425 384 2479 aut
398 2419 504 2497 puniri
526 2418 625 2478 soleat
647 2423 702 2477 aut
717 2418 834 2495 quaeri.
876 2419 944 2479 Nec
964 2419 1162 2479 mediocriter

159 2526 315 2586 haesitavi
337 2525 418 2585 sitne
440 2525 567 2602 aliquod
588 2523 757 2584 discrimen
775 2530 913 2585 aetatum
935 2544 975 2585 an
989 2526 1162 2603 quamlibet

159 2632 262 2692 teucri
276 2631 358 2690 nihil
378 2649 397 2690 a
414 2629 641 2691 robustioribus
663 2629 820 2705 differant,
837 2630 928 2689 detur
949 2631 1161 2708 paenitentiae
1182 2642 1210 2687 10

160 2737 253 2797 venia
267 2755 308 2796 an
322 2736 351 2796 ei
366 2736 421 2814 qui
435 2735 561 2795 omnino
576 2735 774 2796 Christianus
789 2736 854 2796 fuit
873 2735 991 2796 desisse
1012 2755 1073 2795 non
1095 2756 1162 2814 pro

160 2842 212 2917 sit,
226 2860 340 2901 nomen
354 2841 468 2918 ipsum,
484 2841 511 2901 si
525 2839 656 2917 flagitiis
674 2846 785 2916 careat,
801 2859 841 2900 an
862 2840 983 2917 flagitia
999 2841 1162 2901 cohaeren-

159 2949 207 3007 tia
219 2947 339 3007 nomini
354 2947 533 3024 puniantur.
570 2947 704 3006 Interim
718 2947 751 3005 in
763 2947 808 3006 eis
820 2947 874 3024 qui
887 2949 927 3007 ad
940 2966 989 3006 me
1001 2953 1158 3025 tamquam

125 3065 140 3110 3
160 3052 334 3114 Christiani
351 3052 573 3112 deferebantur
593 3052 678 3112 huno
700 3071 768 3112 sum
790 3057 914 3112 secutus
935 3053 1068 3112 modum.
1111 3053 1161 3110 In-

160 3157 316 3234 terrogavi
330 3158 415 3236 ipsos
430 3177 471 3218 an
485 3164 590 3218 essent
611 3158 791 3220 Christiani.
835 3158 1027 3219 Confitentes
1047 3158 1160 3216 iterum
1181 3166 1209 3210 15

160 3283 196 3324 ac
209 3263 305 3324 tertio
320 3263 520 3339 interrogavi,
537 3265 723 3341 supplicium
747 3264 901 3323 minatus:
924 3267 1160 3340 perseverantes

160 3370 233 3429 duci
254 3369 340 3428 iussi.
383 3369 494 3447 Neque
516 3370 600 3428 enim
621 3369 811 3442 dubitabam,
832 3368 1056 3445 qualecumque
1077 3373 1161 3428 esset

160 3474 243 3551 quod
264 3475 449 3549 faterentur,
464 3475 669 3551 pertinaciam
688 3479 770 3533 certe
792 3485 823 3532 et
845 3472 1048 3533 inflexibilem
1068 3473 1161 3533 obsti-

124 3597 140 3640 4
160 3580 320 3641 nationem
341 3578 452 3639 debere
473 3580 587 3656 puniri.
630 3580 770 3637 Fuerunt
792 3577 848 3637 alii
871 3578 984 3638 similis
1006 3577 1160 3637 amentiae

160 3704 247 3763 quos,
263 3684 337 3763 quia
351 3684 435 3744 cives
454 3684 588 3743 Romani
609 3690 707 3758 erant,
723 3683 872 3742 adnotavi
886 3683 920 3742 in
935 3683 1042 3743 urbem
1056 3682 1159 3744 remit
1179 3694 1209 3740 ao
