2664 4170
490 239 748 290 EPISTULARUM
771 241 818 291 IV.
840 241 864 291 1.

471 784 613 849 LIBER
645 783 871 863 QUARTUS

609 1023 662 1084 42
691 1021 745 1102 (1.)

305 1181 338 1233 O.
362 1181 506 1233 PLINIUS
529 1181 675 1231 FABATO
698 1179 911 1233 PROSOCERO
934 1181 1001 1233 SUO
1025 1182 1050 1233 S.

520 1329 547 1378 A
559 1330 623 1392 loco
634 1330 753 1392 deferred
764 1331 833 1380 visit.

136 1487 152 1531 1
218 1475 315 1553 (lupis
336 1480 408 1553 post
429 1474 556 1550 longum
577 1481 702 1551 tempus
730 1481 854 1551 neptem
878 1481 965 1534 tuam
986 1494 1097 1552 meque
1117 1494 1181 1534 una

175 1582 294 1641 videre.
338 1581 472 1642 Gratum
487 1586 536 1641 est
550 1580 675 1657 utrique
690 1586 831 1639 nostrum
846 1581 930 1657 quod
944 1581 1049 1658 cupis,
1072 1586 1181 1640 mutuo

138 1697 154 1742 2
176 1685 362 1746 mehercule.
411 1687 492 1744 Nam
515 1685 650 1745 invicem
671 1704 728 1744 nos
750 1685 928 1746 incredibili
949 1687 1082 1763 quodam
1104 1687 1182 1746 desi-

177 1793 265 1852 derio
283 1791 382 1851 vestri
403 1798 554 1867 tenemur,
570 1791 654 1868 quod
675 1810 736 1850 non
758 1791 842 1850 ultra
862 1791 1057 1866 differemus3
1086 1797 1181 1868 atque

177 1899 255 1958 adeo
276 1898 338 1957 iam
361 1890 532 1957 sarcinulas
554 1896 719 1972 alligamus
740 1895 933 1970 festinaturi,
956 1903 1107 1973 quantum
1132 1897 1181 1956 iti·
1200 1909 1215 1955 5

141 2011 157 2056 3
177 2005 262 2063 neris
276 2003 356 2062 ratio
370 2002 556 2080 permiserit.
601 2002 672 2060 Erit
687 2020 749 2060 una
763 2001 818 2061 sed
832 2001 935 2060 brevis
950 2020 1051 2060 mora:
1075 2001 1182 2062 defleo·

176 2116 280 2169 ternus
295 2109 328 2167 in
343 2110 469 2182 Tuscos,
483 2127 546 2167 uon
565 2112 601 2166 ut
620 2125 710 2182 agros
732 2126 857 2184 remque
879 2107 1069 2166 familiarem
1083 2108 1181 2167 oculis

178 2214 368 2276 subiciamus
391 2213 438 2292 (id
458 2214 541 2272 enirn
563 2213 710 2290 postponi
731 2215 859 2293 potest),
883 2214 936 2272 sed
957 2219 993 2272 ut
1014 2214 1182 2288 fungamur

140 2328 157 2371 4
176 2319 353 2380 necessario
367 2318 474 2378 officio.
518 2318 677 2396 Oppidum
692 2323 740 2376 est
754 2319 891 2395 praediis
906 2319 1022 2378 uostris
1033 2319 1181 2394 vicinum,

178 2424 306 2504 (nornen
325 2422 449 2482 Tiferni
463 2421 626 2502 Tiberim)
643 2421 727 2499 quod
748 2440 798 2480 me
819 2441 917 2499 paene
933 2424 1034 2483 adhuc
1051 2444 1181 2502 puerum
1203 2439 1231 2483 10

177 2534 344 2607 patronum
364 2526 534 2604 cooptavit,
550 2531 639 2585 tanto
660 2526 775 2585 maiore
798 2527 904 2587 studio
925 2534 1042 2605 quanto
1063 2529 1181 2589 minore

178 2633 302 2693 iudicio.
346 2631 511 2691 Adventus
526 2649 610 2690 meos
622 2631 768 2706 celebrat,
784 2633 1031 2709 profectionibus
1046 2635 1180 2710 angitur,

142 2748 157 2792 5
176 2738 349 2798 honoribus
363 2737 486 2813 gaudet.
530 2736 569 2794 In
584 2736 642 2794 hoe
657 2755 723 2811 ego,
735 2742 771 2795 ut
784 2738 934 2797 referrem
950 2738 1083 2813 gratiam
1096 2740 1181 2817 (nam

178 2843 263 2903 vinci
283 2842 316 2901 in
338 2860 442 2902 amore
463 2841 681 2919 turpissimum
703 2844 774 2921 est),
790 2844 943 2920 templum
960 2845 1092 2921 pecunia
1112 2864 1182 2904 mea

177 2947 329 3022 exstruxi,
352 2947 440 3006 cuius
463 2947 702 3021 dedicationem,
724 2967 794 3006 curn
816 2948 858 3007 sit
879 2955 1032 3025 paratum,
1054 2949 1181 3009 differre
1203 2968 1230 3012 15

142 3054 303 3130 olongius
325 3052 540 3128 inreligiosum
569 3058 624 3112 est.
668 3052 794 3113 Erimus
816 3072 889 3128 ergo
910 3054 954 3113 ibi
975 3055 1181 3116 dedicationis

177 3161 239 3234 die,
261 3177 354 3237 quern
382 3158 474 3235 epulo
501 3157 656 3217 celebrare
683 3158 841 3217 constitui.
886 3159 1098 3220 Subsistemus
1122 3161 1182 3219 for-

176 3273 263 3326 tasse
285 3269 317 3327 et
338 3263 492 3341 sequenti,
508 3263 563 3324 sed
584 3268 673 3322 tanto
693 3263 793 3338 magis
814 3264 896 3323 viam
917 3264 1018 3341 ipsam
1039 3265 1182 3343 corripie-

142 3380 156 3426 7
177 3390 256 3431 mus.
300 3369 469 3445 Contingat
484 3368 576 3428 modo
590 3375 621 3428 te
636 3368 796 3446 filiamque
811 3374 897 3428 tuam
912 3370 1010 3430 fortes
1023 3371 1181 3430 invenire!

177 3496 251 3537 nam
283 3473 445 3550 continget
474 3472 600 3549 hilares,
633 3473 661 3533 si
690 3492 748 3532 nos
781 3473 952 3534 incolumes
991 3475 1180 3552 receperitis.
1202 3496 1231 3541 20

177 3581 266 3643 Vale.
