2664 4170
486 229 748 280 nrrsrunnauu
773 231 821 280 111.
839 187 883 281 io.
1140 220 1182 286 51

179 402 222 460 In
236 402 287 460 his
301 421 349 460 me
364 401 465 461 multa
479 401 661 476 sollicitant,
677 402 784 480 aliqua
797 422 854 463 nec
873 405 994 465 minora
1015 406 1180 465 deterrent.

138 524 156 568 2
180 506 340 566 Sollicitat
354 507 488 583 primum
504 507 572 583 ipsa
587 507 787 585 pulchritudo
802 509 961 584 iungendi,
974 511 1088 570 deinde
1099 512 1183 588 quod

179 633 244 671 non
259 613 362 671 minus
377 613 454 671 utile
470 632 563 691 quam
578 613 799 690 voluptuosum
815 635 906 692 posse
920 623 1052 694 utraque
1074 619 1182 678 eadem
1233 654 1238 664 ·

179 737 285 795 opera,
300 719 407 777 eodem
423 719 539 778 viatico
558 719 701 794 invisere,
718 722 775 781 sub
797 723 905 780 eodem
927 732 1125 800 procuratore
1147 744 1182 784 ac

179 842 280 902 paene
309 824 407 882 isdem
435 824 592 883 actoribus
620 825 742 900 habere,
766 845 860 885 unam
886 827 995 887 villam
1023 828 1123 888 colere
1151 836 1217 889 eto

139 951 157 996 3
178 947 300 1003 ornare,
321 928 451 988 alteram
473 934 597 988 tantum
617 931 707 989 tueri.
751 932 841 991 Inest
862 931 935 992 hnic
955 935 1182 1012 computationi

180 1039 325 1110 sumptus
350 1033 566 1110 supellectilis,
589 1041 733 1112 sumptus
754 1036 946 1111 atriensium,
969 1039 1181 1115 topiariorum,

179 1140 342 1199 fabrorum
364 1146 458 1216 atque
480 1139 575 1199 etiam
597 1141 752 1200 venatorii
774 1142 993 1217 instrumenti3
1017 1163 1096 1221 quae
1117 1145 1183 1222 plu-

179 1246 295 1305 rimum
311 1245 410 1304 refert
423 1263 520 1303 unum
534 1245 566 1303 in
582 1245 683 1304 locum
703 1248 845 1307 conferas
867 1267 907 1306 an
925 1248 958 1306 in
979 1248 1103 1308 diversa
1124 1250 1184 1309 dis-

141 1375 159 1419 4
180 1369 301 1429 pergas.
345 1350 461 1409 Contra
474 1368 581 1408 vereor
595 1369 635 1409 ne
650 1351 692 1411 sit
706 1352 866 1410 incautum
881 1371 946 1410 rem
961 1358 1026 1412 tam
1040 1373 1184 1428 magnam
1204 1369 1233 1413 10

181 1456 282 1517 isdem
297 1455 546 1531 tempestatibus,
562 1456 662 1514 isdem
677 1457 800 1516 casibus
815 1457 962 1517 subdere:
986 1458 1087 1518 tutius
1103 1460 1185 1519 vide-

181 1570 234 1622 tur
256 1562 376 1621 incerta
395 1561 542 1620 fortunae
563 1562 793 1638 possessionum
811 1563 1017 1622 varietatibus
1038 1565 1182 1641 experiri.

181 1668 289 1727 Habet
310 1666 406 1726 etiam
427 1666 561 1724 multum
582 1666 788 1726 iucunditatis
810 1667 868 1727 soli
889 1667 1030 1745 caelique
1052 1671 1184 1728 mutatio

144 1797 161 1843 5
182 1774 313 1851 ipsaque
329 1771 386 1831 illa
399 1771 609 1848 peregrinatio
630 1771 713 1830 inter
734 1790 798 1831 sua.
841 1773 920 1846 Iam,
935 1775 1019 1849 quod
1036 1774 1185 1834 delibera

181 1879 279 1938 tionis
293 1883 418 1937 nostrae
433 1883 528 1954 caput
543 1883 599 1951 est,
612 1876 678 1952 agri
690 1854 764 1936 suut
779 1877 902 1938 fertiles
918 1879 1050 1954 pingues
1065 1881 1184 1956 aquosi,
1206 1896 1234 1940 15
1307 1951 1310 1956 .

181 1989 328 2045 constant
356 1983 475 2059 campis
497 1964 598 2041 vineis
623 1982 722 2055 silvis,
745 2001 824 2058 quae
852 1982 1015 2042 materiam
1036 1989 1068 2042 et
1089 2003 1127 2042 ex
1149 2003 1186 2044 ea

146 2089 319 2152 creditum
335 2088 416 2148 sicut
430 2087 588 2147 modicum
609 2088 654 2147 ita
676 2093 793 2147 statum
812 2094 983 2164 praestant.
1028 2089 1088 2148 Sed
1109 2090 1185 2149 haec

182 2195 321 2254 felicitas
335 2199 436 2253 terrae
451 2192 618 2253 imbecillis
632 2192 804 2252 cultoribus
818 2190 980 2268 fatigatur.
1021 2195 1103 2253 Nam
1119 2214 1186 2271 pos-

183 2319 286 2360 sessor
313 2297 399 2376 prior
428 2297 553 2374 saepius
575 2297 718 2357 vendidit
745 2298 884 2374 pignora,
907 2304 939 2357 et
963 2300 1037 2357 dum
1065 2299 1186 2377 reliqua

183 2406 363 2466 colonorum
378 2404 493 2462 minuit
507 2403 547 2463 ad
562 2410 694 2480 tempus,
709 2402 793 2461 vires
808 2403 1014 2480 inposterum
1030 2405 1185 2478 exhausit,
1205 2420 1236 2464 ao

149 2531 163 2576 1
184 2530 317 2590 quarum
332 2508 508 2568 defectione
529 2527 637 2568 rursus
658 2507 779 2585 reliqua
799 2515 973 2568 creverunt.
1017 2509 1097 2568 Sunt
1114 2529 1186 2584 ergo

184 2615 363 2676 instruendi
378 2633 414 2674 eo
429 2613 536 2692 pluris,
543 2614 624 2690 quod
641 2612 727 2688 frugi
741 2613 924 2690 mancipiis:
946 2633 1019 2674 nam
1042 2633 1097 2673 nec
1119 2615 1186 2691 ipse

184 2740 318 2800 usquam
339 2719 461 2779 vinctos
489 2718 589 2777 habeo
616 2737 673 2777 nec
697 2717 741 2777 ibi
763 2717 938 2794 quisquam.
983 2719 1131 2796 Superest
1151 2726 1187 2778 ut

186 2826 267 2886 scias
289 2804 400 2903 quanti
422 2802 592 2882 videantur
608 2841 699 2900 posse
721 2822 798 2897 emi;
821 2822 966 2909 sestertio
988 2824 1103 2898 tricies,
1125 2843 1188 2882 non

186 2932 346 3009 quianon
373 2930 542 3008 aliquando
564 2928 772 3006 quinquagies
794 2928 924 3002 fuerint,
946 2947 1054 2987 verum
1076 2936 1108 2988 et
1128 2929 1187 2988 hac
1208 2948 1237 2992 25

186 3036 319 3115 penuria
338 3035 517 3095 colonorum
539 3040 571 3092 et
592 3033 748 3093 communi
776 3033 926 3110 temporis
955 3024 1123 3110 iniquitate
1151 3040 1188 3093 ut

151 3155 167 3200 8
187 3142 308 3202 reditus
329 3159 472 3215 agrorum
487 3129 532 3198 sic
550 3139 646 3198 etiam
668 3138 803 3215 pretium
824 3145 908 3197 retro
929 3138 1015 3215 abiit.
1058 3139 1187 3209 Quaeris

187 3267 228 3307 an
242 3246 301 3306 hoc
315 3245 418 3322 ipsum
433 3243 540 3303 tricies
560 3244 655 3303 facilc
676 3242 822 3317 colligere
836 3242 1017 3320 possimus?
1040 3263 1109 3303 sum
1123 3243 1189 3321 qui-

188 3352 260 3412 dem
280 3369 376 3429 prope
397 3355 483 3410 totus
505 3348 538 3407 in
559 3348 705 3426 praediis,
721 3347 842 3424 aliquid
857 3354 963 3407 tamen
978 3348 1113 3423 faenero,
1132 3367 1188 3408 nec

188 3457 354 3518 molestum
372 3455 433 3517 erit
446 3454 601 3528 mutuari;
623 3453 775 3531 accipiam
790 3472 809 3512 a
823 3472 921 3527 socru,
936 3453 1025 3512 cuius
1042 3473 1114 3513 arca
1127 3473 1190 3513 non
1210 3471 1238 3516 30

151 3582 169 3629 9
188 3583 277 3625 secus
292 3582 327 3623 ao
341 3580 411 3622 mea
423 3566 502 3620 utor.
545 3559 680 3619 Proinde
695 3559 753 3618 lroc
768 3565 799 3618 te
815 3578 876 3617 non
890 3564 1023 3634 moveat,
1039 3559 1066 3619 si
1087 3566 1191 3618 cetera

188 3689 252 3730 non
280 3669 486 3742 refragantur,
516 3684 595 3743 quae
617 3665 712 3724 velim
733 3684 827 3742 quam
855 3664 1095 3740 diligentissime
1123 3684 1192 3724 exa
