2664 4170
503 241 765 292 1110101111οΜ
788 241 825 291 11.
846 242 886 294 11.
1150 230 1190 293 33

189 422 255 474 tem
283 413 418 473 medium
446 413 574 472 zotheca
600 431 750 490 perquam
778 413 936 490 eleganter
964 413 1090 488 recedit,
1112 432 1191 491 quae

190 520 405 598 specularibus
427 525 458 578 et
478 518 558 578 velis
580 519 722 578 obductis
744 519 920 578 reductisve
942 519 1032 578 inodo
1057 520 1192 578 adicitur

189 625 333 685 cubiculo
347 624 438 684 modo
449 625 599 684 aufertur.
643 625 771 683 Lectum
784 631 815 683 et
826 624 904 684 duas
915 624 1078 685 cathedras
1089 625 1190 702 capit:

190 750 209 791 a
227 730 359 808 pedibus
379 748 472 803 mare,
487 749 506 789 a
524 736 613 804 tergo
629 729 731 803 villae,
747 730 881 807 aoapite
896 729 1010 790 silvae:
1034 736 1081 789 tot
1096 730 1192 789 facies

137 849 168 893 22
190 837 327 895 locorum
342 835 474 894 totidem
494 835 641 894 fenestris
661 841 692 893 et
709 835 878 910 distinguit
895 841 927 894 et
944 835 1061 894 miscet.
1104 835 1194 893 Iunc·
1212 847 1227 891 0

190 948 260 1001 tum
284 946 332 1000 est
353 937 531 999 cubiculum
559 940 659 999 noctis
685 945 716 999 et
742 941 849 999 somni.
900 941 973 998 Non
998 940 1078 998 illud
1103 959 1193 999 voces

192 1046 395 1119 servulorum,
411 1064 473 1104 non
488 1044 581 1104 maris
600 1064 747 1119 murmur,
763 1064 825 1104 uon
839 1050 1060 1122 tempestatum
1082 1051 1192 1120 motus,

192 1171 255 1210 non
283 1151 444 1226 fulgurum
468 1150 574 1208 lumen
602 1168 637 1208 ac
666 1169 704 1209 ne
733 1150 816 1209 diem
844 1151 970 1226 quidem
998 1151 1103 1225 sentit,
1132 1150 1193 1210 nisi

192 1257 342 1317 fenestris
364 1256 489 1332 apertis.
533 1257 610 1315 Tam
633 1256 690 1315 alti
712 1256 873 1333 abditique
896 1256 1006 1315 secreti
1029 1257 1085 1315 illa
1104 1256 1193 1331 ratio,

193 1362 278 1440 quod
319 1361 507 1421 interiacens
543 1361 662 1420 andron
698 1363 849 1437 parietem
884 1362 1019 1420 cubiculi
1050 1362 1194 1438 hortique
1216 1374 1244 1418 10

193 1467 362 1543 distinguit
399 1471 494 1542 atque
530 1467 576 1525 ita
603 1485 725 1525 omnem
761 1485 870 1540 sonum
904 1467 1006 1526 media
1041 1469 1194 1527 inanitate

142 1583 173 1628 23
193 1572 356 1632 consumit.
407 1570 603 1648 Adplicituiu
621 1577 669 1629 est
685 1571 826 1630 cubiculo
846 1571 1061 1649 hypocauston
1078 1573 1196 1649 perexi-

195 1697 298 1754 guum,
327 1677 408 1754 quod
438 1682 572 1751 augusta
600 1677 739 1735 fenestra
767 1677 962 1753 suppositum
990 1678 1131 1752 calorem,
1160 1684 1196 1741 ut

194 1783 276 1842 ratio
297 1782 405 1857 exigit,
426 1788 481 1841 aut
503 1781 637 1839 effundit
660 1786 714 1840 aut
742 1781 863 1840 retinet.
931 1784 1100 1841 Procoeton
1123 1783 1196 1842 inde

195 1894 227 1947 et
244 1887 421 1946 cubiculum
442 1886 613 1964 porrigitur·
630 1886 664 1944 in
684 1886 789 1961 solem,
805 1906 897 1964 quem
918 1888 1069 1946 orientem
1091 1872 1197 1947 statim
1218 1904 1246 1947 10

194 1998 361 2070 exceptum
377 1992 461 2051 ultra
480 1991 641 2050 meridiem
661 1991 794 2050 oblicum
809 1993 936 2068 quidem
950 1993 1004 2052 sed
1019 1998 1123 2051 tamen
1139 2013 1197 2052 ser-

144 2111 174 2156 24
195 2104 257 2158 vat.
302 2098 340 2155 In
362 2097 442 2156 hanc
464 2115 520 2172 ego
541 2096 678 2155 diaetam
699 2115 768 2155 cum
789 2116 837 2155 me
859 2098 970 2175 recepi,
991 2099 1098 2158 abesse
1120 2099 1197 2157 mihi

195 2206 291 2263 etiam
314 2222 333 2262 a
353 2202 432 2261 villa
453 2221 522 2261 mea
543 2202 659 2276 videor,
683 2221 887 2279 magnamque
910 2203 976 2262 eius
1004 2203 1198 2280 voluptatem

184 2308 361 2386 'praecipue
397 2307 615 2368 Saturnalibus
650 2309 746 2383 capio,
776 2326 846 2365 cum
874 2308 995 2385 reliqua
1022 2327 1093 2385 pars
1122 2309 1197 2368 tecti

195 2415 326 2474 lieentia
346 2413 468 2472 dierum
488 2413 642 2489 festisque
666 2412 851 2472 clamoribus
868 2420 1029 2490 personat:
1052 2432 1124 2472 nam
1141 2433 1198 2472 neo
1219 2426 1248 2470 20

196 2520 263 2597 ipse
291 2538 429 2578 meorum
457 2518 577 2579 lusibus
602 2536 658 2576 nec
683 2517 732 2575 illi
761 2518 875 2577 studiis
902 2519 979 2578 meis
1004 2519 1196 2597 obstrepunt.

146 2639 175 2683 25
196 2626 285 2684 Haec
299 2624 431 2698 utilitas,
446 2623 523 2682 haee
544 2624 715 2683 amoenitas
736 2623 881 2681 deficitur
899 2642 980 2700 aqua
994 2624 1128 2698 salienti,
1144 2625 1198 2684 sed

196 2736 307 2807 puteos
336 2749 371 2789 ac
399 2729 504 2806 potius
527 2729 631 2788 fontes
660 2729 770 2787 habet:
804 2735 878 2787 suut
906 2729 989 2787 enim
1014 2730 1046 2787 in
1069 2748 1196 2788 summo.

196 2837 239 2895 Et
261 2835 386 2894 omnino
407 2835 509 2894 litoris
533 2834 620 2894 illius
648 2834 728 2893 mira
749 2839 875 2892 natura:
912 2853 1104 2910 quocumque
1132 2835 1199 2893 loco

197 2941 330 3000 moveris
351 2940 490 3013 humum,
506 2939 616 2999 obvius
639 2945 670 2998 et
691 2944 819 3016 paratus
841 2958 930 2997 umor
946 2939 1088 3013 occurrit,
1110 2940 1199 3016 isque
1219 2956 1248 3000 25

198 3046 337 3105 sincerus
356 3064 391 3104 ac
412 3063 450 3104 ne
470 3044 581 3103 leviter
601 3044 725 3122 quidem
743 3050 833 3103 tanta
852 3044 945 3103 maris
960 3045 1123 3103 vicinitate
1137 3064 1200 3103 001-

147 3167 176 3211 06
198 3157 317 3227 ruptus.
361 3150 539 3226 Suggerunt
557 3149 689 3208 adfatim
710 3149 796 3226 ligna
810 3149 969 3226 proximae
985 3148 1100 3208 silvae:
1122 3156 1213 3208 cete·

198 3275 248 3315 ras
273 3255 377 3332 copias
403 3255 558 3315 Ostiensis
580 3255 702 3314 colonia
729 3254 895 3313 ministrat.
952 3254 1048 3329 Frugi
1073 3254 1199 3331 quidem

197 3360 318 3420 homini
340 3359 454 3420 sufficit
473 3360 567 3419 etiam
585 3360 673 3419 vicus
692 3378 783 3437 quem
803 3378 866 3418 una
885 3358 963 3418 villa
976 3359 1143 3419 discernit:
1167 3360 1200 3418 in

198 3466 257 3526 hoo
279 3466 404 3526 balinea
425 3465 584 3525 meritoria
608 3465 679 3538 tria,
701 3483 814 3539 magna
834 3464 1045 3538 commoditas,
1069 3465 1095 3525 si
1117 3465 1200 3524 forte
1220 3482 1250 3527 30

198 3572 357 3632 balineum
382 3571 467 3631 domi
491 3571 541 3629 vel
568 3571 688 3631 subitus
714 3571 867 3629 adventus
891 3569 941 3628 vel
968 3570 1091 3629 brevior
1115 3590 1201 3631 mora

146 3696 176 3742 27
199 3678 352 3737 calfacere
373 3677 561 3736 dissuadeat.
605 3677 695 3736 Litus
717 3681 829 3735 ornant
850 3675 1002 3734 varietate
1024 3676 1202 3752 gratissima
