<?xml version="1.0" encoding="UTF-8"?>
<!DOCTYPE html PUBLIC "-//W3C//DTD XHTML 1.0 Transitional//EN"
    "http://www.w3.org/TR/xhtml1/DTD/xhtml1-transitional.dtd">
<html xmlns="http://www.w3.org/1999/xhtml" xml:lang="en" lang="en">
 <head>
  <title>
</title>
<meta http-equiv="Content-Type" content="text/html;charset=utf-8" />
  <meta name='ocr-system' content='tesseract 3.04.00' />
  <meta name='ocr-capabilities' content='ocr_page ocr_carea ocr_par ocr_line ocrx_word'/>
</head>
<body>
  <div class='ocr_page' id='page_1' title='image "./cplinisecundiep02plingoog_0125.png"; bbox 0 0 2664 4170; ppageno 0'>
   <div class='ocr_carea' id='block_1_1' title="bbox 114 212 688 274">
    <p class='ocr_par' dir='ltr' id='par_1_1' title="bbox 114 212 688 274">
     <span class='ocr_line' id='line_1_1' title="bbox 114 212 688 274; baseline -0.01 0"><span class='ocrx_word' id='word_1_1' title='bbox 114 212 155 274; x_wconf 85' lang='grc'>18</span> <span class='ocrx_word' id='word_1_2' title='bbox 540 221 570 271; x_wconf 89' lang='lat' dir='ltr'>o.</span> <span class='ocrx_word' id='word_1_3' title='bbox 589 220 688 269; x_wconf 79' lang='lat' dir='ltr'>mnu</span> 
     </span>
    </p>
   </div>
   <div class='ocr_carea' id='block_1_2' title="bbox 70 392 1161 2572">
    <p class='ocr_par' dir='ltr' id='par_1_2' title="bbox 70 392 1161 2572">
     <span class='ocr_line' id='line_1_2' title="bbox 114 392 1134 470; baseline -0.004 -16"><span class='ocrx_word' id='word_1_4' title='bbox 114 395 315 470; x_wconf 88' lang='lat' dir='ltr'>culorumque</span> <span class='ocrx_word' id='word_1_5' title='bbox 333 399 388 453; x_wconf 87' lang='lat' dir='ltr'>est.</span> <span class='ocrx_word' id='word_1_6' title='bbox 432 393 484 451; x_wconf 83' lang='lat' dir='ltr'>An</span> <span class='ocrx_word' id='word_1_7' title='bbox 497 412 554 452; x_wconf 94' lang='lat' dir='ltr'>nos</span> <span class='ocrx_word' id='word_1_8' title='bbox 574 392 779 470; x_wconf 77' lang='lat' dir='ltr'>sapientiores</span> <span class='ocrx_word' id='word_1_9' title='bbox 799 392 974 454; x_wconf 90' lang='lat' dir='ltr'>maioribus</span> <span class='ocrx_word' id='word_1_10' title='bbox 996 392 1134 466; x_wconf 74' lang='lat' dir='ltr'>nostrist</span> 
     </span>
     <span class='ocr_line' id='line_1_3' title="bbox 114 497 1111 576; baseline -0.003 -17"><span class='ocrx_word' id='word_1_11' title='bbox 114 520 170 560; x_wconf 89' lang='lat' dir='ltr'>nos</span> <span class='ocrx_word' id='word_1_12' title='bbox 191 500 312 575; x_wconf 88' lang='lat' dir='ltr'>legibus</span> <span class='ocrx_word' id='word_1_13' title='bbox 334 500 411 576; x_wconf 90' lang='lat' dir='ltr'>ipsis</span> <span class='ocrx_word' id='word_1_14' title='bbox 433 498 588 573; x_wconf 90' lang='lat' dir='ltr'>iustiores,</span> <span class='ocrx_word' id='word_1_15' title='bbox 610 516 689 575; x_wconf 88' lang='lat' dir='ltr'>quae</span> <span class='ocrx_word' id='word_1_16' title='bbox 711 503 759 556; x_wconf 88' lang='lat' dir='ltr'>tot</span> <span class='ocrx_word' id='word_1_17' title='bbox 778 497 882 572; x_wconf 89' lang='lat' dir='ltr'>horas,</span> <span class='ocrx_word' id='word_1_18' title='bbox 906 503 956 558; x_wconf 92' lang='lat' dir='ltr'>tot</span> <span class='ocrx_word' id='word_1_19' title='bbox 978 498 1053 572; x_wconf 88' lang='lat' dir='ltr'>dies,</span> <span class='ocrx_word' id='word_1_20' title='bbox 1071 503 1111 556; x_wconf 86' lang='lat' dir='ltr'>tot</span> 
     </span>
     <span class='ocr_line' id='line_1_4' title="bbox 114 602 1111 683; baseline -0.004 -18"><span class='ocrx_word' id='word_1_21' title='bbox 114 604 454 682; x_wconf 82' lang='lat' dir='ltr'>comperendinationes</span> <span class='ocrx_word' id='word_1_22' title='bbox 486 604 662 680; x_wconf 87' lang='lat' dir='ltr'>largiuntur</span> <span class='ocrx_word' id='word_1_23' title='bbox 672 605 696 683; x_wconf 20' lang='lat' dir='ltr'>?N</span> <span class='ocrx_word' id='word_1_24' title='bbox 723 602 851 662; x_wconf 76' lang='lat' dir='ltr'>hebetes</span> <span class='ocrx_word' id='word_1_25' title='bbox 888 602 940 662; x_wconf 90' lang='lat' dir='ltr'>illi</span> <span class='ocrx_word' id='word_1_26' title='bbox 968 609 1000 662; x_wconf 92' lang='lat' dir='ltr'>et</span> <span class='ocrx_word' id='word_1_27' title='bbox 1028 621 1111 680; x_wconf 89' lang='lat' dir='ltr'>supra</span> 
     </span>
     <span class='ocr_line' id='line_1_5' title="bbox 115 707 1110 786; baseline -0.003 -17"><span class='ocrx_word' id='word_1_28' title='bbox 115 710 240 769; x_wconf 89' lang='lat' dir='ltr'>modum</span> <span class='ocrx_word' id='word_1_29' title='bbox 255 710 348 783; x_wconf 89' lang='lat' dir='ltr'>tardi,</span> <span class='ocrx_word' id='word_1_30' title='bbox 365 729 420 768; x_wconf 89' lang='lat' dir='ltr'>nos</span> <span class='ocrx_word' id='word_1_31' title='bbox 436 709 574 786; x_wconf 88' lang='lat' dir='ltr'>apertius</span> <span class='ocrx_word' id='word_1_32' title='bbox 589 708 730 783; x_wconf 84' lang='lat' dir='ltr'>dicimus,</span> <span class='ocrx_word' id='word_1_33' title='bbox 746 707 879 767; x_wconf 90' lang='lat' dir='ltr'>celerius</span> <span class='ocrx_word' id='word_1_34' title='bbox 895 708 1110 784; x_wconf 86' lang='lat' dir='ltr'>intellegimus,</span> 
     </span>
     <span class='ocr_line' id='line_1_6' title="bbox 80 813 1111 892; baseline -0.001 -19"><span class='ocrx_word' id='word_1_35' title='bbox 80 815 291 891; x_wconf 60' lang='lat' dir='ltr'>irreligiosius</span> <span class='ocrx_word' id='word_1_36' title='bbox 314 815 497 888; x_wconf 90' lang='lat' dir='ltr'>iudicamus,</span> <span class='ocrx_word' id='word_1_37' title='bbox 520 814 595 891; x_wconf 90' lang='lat' dir='ltr'>quia</span> <span class='ocrx_word' id='word_1_38' title='bbox 615 813 813 891; x_wconf 84' lang='lat' dir='ltr'>paucioribus</span> <span class='ocrx_word' id='word_1_39' title='bbox 836 813 1016 892; x_wconf 88' lang='lat' dir='ltr'>clepsydris</span> <span class='ocrx_word' id='word_1_40' title='bbox 1037 831 1111 892; x_wconf 85' lang='lat' dir='ltr'>prae·</span> 
     </span>
     <span class='ocr_line' id='line_1_7' title="bbox 116 918 1134 998; baseline -0.007 -18"><span class='ocrx_word' id='word_1_41' title='bbox 116 922 283 998; x_wconf 90' lang='lat' dir='ltr'>cipitamus</span> <span class='ocrx_word' id='word_1_42' title='bbox 311 938 421 979; x_wconf 88' lang='lat' dir='ltr'>causas</span> <span class='ocrx_word' id='word_1_43' title='bbox 449 938 542 996; x_wconf 91' lang='lat' dir='ltr'>quam</span> <span class='ocrx_word' id='word_1_44' title='bbox 570 919 680 979; x_wconf 92' lang='lat' dir='ltr'>diebus</span> <span class='ocrx_word' id='word_1_45' title='bbox 705 918 856 996; x_wconf 84' lang='lat' dir='ltr'>explicari</span> <span class='ocrx_word' id='word_1_46' title='bbox 881 918 1052 979; x_wconf 85' lang='lat' dir='ltr'>solebant?</span> <span class='ocrx_word' id='word_1_47' title='bbox 1090 918 1134 978; x_wconf 83' lang='grc'>01</span> 
     </span>
     <span class='ocr_line' id='line_1_8' title="bbox 116 1023 1112 1103; baseline -0.005 -18"><span class='ocrx_word' id='word_1_48' title='bbox 116 1026 247 1101; x_wconf 79' lang='lat' dir='ltr'>Regale,</span> <span class='ocrx_word' id='word_1_49' title='bbox 267 1026 321 1103; x_wconf 92' lang='lat' dir='ltr'>qui</span> <span class='ocrx_word' id='word_1_50' title='bbox 341 1025 511 1084; x_wconf 89' lang='lat' dir='ltr'>ambitione</span> <span class='ocrx_word' id='word_1_51' title='bbox 533 1025 572 1084; x_wconf 94' lang='lat' dir='ltr'>ab</span> <span class='ocrx_word' id='word_1_52' title='bbox 590 1024 733 1086; x_wconf 89' lang='lat' dir='ltr'>omnibus</span> <span class='ocrx_word' id='word_1_53' title='bbox 753 1023 919 1085; x_wconf 90' lang='lat' dir='ltr'>obtinebas</span> <span class='ocrx_word' id='word_1_54' title='bbox 941 1025 1027 1102; x_wconf 90' lang='lat' dir='ltr'>quod</span> <span class='ocrx_word' id='word_1_55' title='bbox 1047 1023 1112 1083; x_wconf 86' lang='lat' dir='ltr'>fidei</span> 
     </span>
     <span class='ocr_line' id='line_1_9' title="bbox 117 1128 1113 1210; baseline -0.002 -20"><span class='ocrx_word' id='word_1_56' title='bbox 117 1131 298 1210; x_wconf 89' lang='lat' dir='ltr'>paucissimi</span> <span class='ocrx_word' id='word_1_57' title='bbox 326 1132 503 1207; x_wconf 84' lang='lat' dir='ltr'>praestant!</span> <span class='ocrx_word' id='word_1_58' title='bbox 546 1129 701 1207; x_wconf 85' lang='lat' dir='ltr'>Equidem</span> <span class='ocrx_word' id='word_1_59' title='bbox 726 1129 873 1206; x_wconf 86' lang='lat' dir='ltr'>quotiens</span> <span class='ocrx_word' id='word_1_60' title='bbox 897 1128 1015 1205; x_wconf 83' lang='lat' dir='ltr'>iudice,</span> <span class='ocrx_word' id='word_1_61' title='bbox 1039 1129 1113 1207; x_wconf 91' lang='lat' dir='ltr'>quod</span> 
     </span>
     <span class='ocr_line' id='line_1_10' title="bbox 118 1233 1112 1313; baseline -0.002 -18"><span class='ocrx_word' id='word_1_62' title='bbox 118 1237 168 1295; x_wconf 91' lang='lat' dir='ltr'>vel</span> <span class='ocrx_word' id='word_1_63' title='bbox 191 1237 315 1313; x_wconf 88' lang='lat' dir='ltr'>saepius</span> <span class='ocrx_word' id='word_1_64' title='bbox 340 1236 422 1294; x_wconf 85' lang='lat' dir='ltr'>facio</span> <span class='ocrx_word' id='word_1_65' title='bbox 447 1254 539 1312; x_wconf 92' lang='lat' dir='ltr'>quam</span> <span class='ocrx_word' id='word_1_66' title='bbox 565 1235 644 1309; x_wconf 89' lang='lat' dir='ltr'>dico,</span> <span class='ocrx_word' id='word_1_67' title='bbox 670 1239 819 1312; x_wconf 87' lang='lat' dir='ltr'>quantum</span> <span class='ocrx_word' id='word_1_68' title='bbox 844 1233 922 1311; x_wconf 37' lang='lat' dir='ltr'>,quis</span> <span class='ocrx_word' id='word_1_69' title='bbox 952 1235 1112 1312; x_wconf 88' lang='lat' dir='ltr'>plurimun</span> 
     </span>
     <span class='ocr_line' id='line_1_11' title="bbox 70 1339 1139 1420; baseline -0.002 -22"><span class='ocrx_word' id='word_1_70' title='bbox 70 1355 98 1399; x_wconf 91' lang='lat'>10</span> <span class='ocrx_word' id='word_1_71' title='bbox 118 1342 257 1420; x_wconf 88' lang='lat' dir='ltr'>postulat</span> <span class='ocrx_word' id='word_1_72' title='bbox 281 1360 379 1417; x_wconf 92' lang='lat' dir='ltr'>aquae</span> <span class='ocrx_word' id='word_1_73' title='bbox 403 1342 450 1399; x_wconf 88' lang='lat' dir='ltr'>do.</span> <span class='ocrx_word' id='word_1_74' title='bbox 493 1340 620 1398; x_wconf 85' lang='lat' dir='ltr'>Etenim</span> <span class='ocrx_word' id='word_1_75' title='bbox 643 1339 844 1399; x_wconf 89' lang='lat' dir='ltr'>temerarium</span> <span class='ocrx_word' id='word_1_76' title='bbox 867 1340 1019 1400; x_wconf 87' lang='lat' dir='ltr'>existimo</span> <span class='ocrx_word' id='word_1_77' title='bbox 1047 1339 1139 1399; x_wconf 81' lang='lat' dir='ltr'>divi-8</span> 
     </span>
     <span class='ocr_line' id='line_1_12' title="bbox 118 1445 1116 1524; baseline -0.002 -18"><span class='ocrx_word' id='word_1_78' title='bbox 118 1467 192 1506; x_wconf 90' lang='lat' dir='ltr'>nare</span> <span class='ocrx_word' id='word_1_79' title='bbox 208 1467 301 1524; x_wconf 91' lang='lat' dir='ltr'>quam</span> <span class='ocrx_word' id='word_1_80' title='bbox 317 1447 455 1524; x_wconf 88' lang='lat' dir='ltr'>spatiosa</span> <span class='ocrx_word' id='word_1_81' title='bbox 470 1446 512 1505; x_wconf 87' lang='lat' dir='ltr'>sit</span> <span class='ocrx_word' id='word_1_82' title='bbox 526 1464 619 1505; x_wconf 91' lang='lat' dir='ltr'>causa</span> <span class='ocrx_word' id='word_1_83' title='bbox 632 1445 776 1504; x_wconf 89' lang='lat' dir='ltr'>inaudita</span> <span class='ocrx_word' id='word_1_84' title='bbox 789 1451 979 1522; x_wconf 90' lang='lat' dir='ltr'>tempusque</span> <span class='ocrx_word' id='word_1_85' title='bbox 997 1447 1116 1522; x_wconf 90' lang='lat' dir='ltr'>negotio</span> 
     </span>
     <span class='ocr_line' id='line_1_13' title="bbox 118 1550 1118 1629; baseline -0.002 -18"><span class='ocrx_word' id='word_1_86' title='bbox 118 1553 209 1612; x_wconf 90' lang='lat' dir='ltr'>finire</span> <span class='ocrx_word' id='word_1_87' title='bbox 238 1553 324 1611; x_wconf 91' lang='lat' dir='ltr'>cuius</span> <span class='ocrx_word' id='word_1_88' title='bbox 353 1553 492 1610; x_wconf 89' lang='lat' dir='ltr'>modum</span> <span class='ocrx_word' id='word_1_89' title='bbox 508 1551 640 1626; x_wconf 80' lang='lat' dir='ltr'>ignores,</span> <span class='ocrx_word' id='word_1_90' title='bbox 669 1550 852 1628; x_wconf 88' lang='lat' dir='ltr'>praesertim</span> <span class='ocrx_word' id='word_1_91' title='bbox 881 1569 955 1609; x_wconf 92' lang='lat' dir='ltr'>cum</span> <span class='ocrx_word' id='word_1_92' title='bbox 991 1552 1118 1629; x_wconf 85' lang='lat' dir='ltr'>primam</span> 
     </span>
     <span class='ocr_line' id='line_1_14' title="bbox 119 1655 1119 1733; baseline 0 -17"><span class='ocrx_word' id='word_1_93' title='bbox 119 1658 263 1733; x_wconf 85' lang='lat' dir='ltr'>religioni</span> <span class='ocrx_word' id='word_1_94' title='bbox 278 1676 351 1716; x_wconf 90' lang='lat' dir='ltr'>suae</span> <span class='ocrx_word' id='word_1_95' title='bbox 367 1657 460 1715; x_wconf 86' lang='lat' dir='ltr'>iudex</span> <span class='ocrx_word' id='word_1_96' title='bbox 474 1655 661 1733; x_wconf 90' lang='lat' dir='ltr'>patientiam</span> <span class='ocrx_word' id='word_1_97' title='bbox 679 1655 799 1730; x_wconf 85' lang='lat' dir='ltr'>debeat,</span> <span class='ocrx_word' id='word_1_98' title='bbox 815 1673 895 1732; x_wconf 89' lang='lat' dir='ltr'>quae</span> <span class='ocrx_word' id='word_1_99' title='bbox 913 1675 991 1733; x_wconf 89' lang='lat' dir='ltr'>pars</span> <span class='ocrx_word' id='word_1_100' title='bbox 1011 1675 1119 1732; x_wconf 91' lang='lat' dir='ltr'>magna</span> 
     </span>
     <span class='ocr_line' id='line_1_15' title="bbox 119 1760 1118 1838; baseline -0.002 -16"><span class='ocrx_word' id='word_1_101' title='bbox 119 1763 261 1822; x_wconf 88' lang='lat' dir='ltr'>iustitiae</span> <span class='ocrx_word' id='word_1_102' title='bbox 275 1769 331 1821; x_wconf 90' lang='lat' dir='ltr'>est.</span> <span class='ocrx_word' id='word_1_103' title='bbox 367 1761 412 1820; x_wconf 87' lang='lat' dir='ltr'>At</span> <span class='ocrx_word' id='word_1_104' title='bbox 427 1761 580 1838; x_wconf 86' lang='lat' dir='ltr'>quaedam</span> <span class='ocrx_word' id='word_1_105' title='bbox 594 1779 787 1838; x_wconf 84' lang='lat' dir='ltr'>supervacua</span> <span class='ocrx_word' id='word_1_106' title='bbox 800 1760 960 1820; x_wconf 90' lang='lat' dir='ltr'>dicuntur.</span> <span class='ocrx_word' id='word_1_107' title='bbox 1000 1762 1118 1822; x_wconf 88' lang='lat' dir='ltr'>Etiam:</span> 
     </span>
     <span class='ocr_line' id='line_1_16' title="bbox 71 1865 1118 1942; baseline -0.002 -15"><span class='ocrx_word' id='word_1_108' title='bbox 71 1885 99 1928; x_wconf 89' lang='lat'>15</span> <span class='ocrx_word' id='word_1_109' title='bbox 120 1870 174 1928; x_wconf 91' lang='lat' dir='ltr'>sed</span> <span class='ocrx_word' id='word_1_110' title='bbox 199 1869 297 1928; x_wconf 89' lang='lat' dir='ltr'>satius</span> <span class='ocrx_word' id='word_1_111' title='bbox 322 1873 370 1927; x_wconf 90' lang='lat' dir='ltr'>est</span> <span class='ocrx_word' id='word_1_112' title='bbox 394 1873 426 1926; x_wconf 90' lang='lat' dir='ltr'>et</span> <span class='ocrx_word' id='word_1_113' title='bbox 450 1867 525 1925; x_wconf 87' lang='lat' dir='ltr'>haec</span> <span class='ocrx_word' id='word_1_114' title='bbox 553 1866 616 1925; x_wconf 90' lang='lat' dir='ltr'>dici</span> <span class='ocrx_word' id='word_1_115' title='bbox 638 1884 732 1942; x_wconf 90' lang='lat' dir='ltr'>quam</span> <span class='ocrx_word' id='word_1_116' title='bbox 755 1884 819 1924; x_wconf 90' lang='lat' dir='ltr'>non</span> <span class='ocrx_word' id='word_1_117' title='bbox 845 1865 910 1924; x_wconf 92' lang='lat' dir='ltr'>dici</span> <span class='ocrx_word' id='word_1_118' title='bbox 935 1867 1118 1928; x_wconf 86' lang='lat' dir='ltr'>neccssaria</span> 
     </span>
     <span class='ocr_line' id='line_1_17' title="bbox 120 1971 1149 2048; baseline -0.003 -15"><span class='ocrx_word' id='word_1_119' title='bbox 120 1976 285 2034; x_wconf 89' lang='lat' dir='ltr'>Praeterea</span> <span class='ocrx_word' id='word_1_120' title='bbox 309 1992 349 2032; x_wconf 92' lang='lat' dir='ltr'>an</span> <span class='ocrx_word' id='word_1_121' title='bbox 374 1973 438 2032; x_wconf 88' lang='lat' dir='ltr'>sint</span> <span class='ocrx_word' id='word_1_122' title='bbox 463 1990 662 2048; x_wconf 86' lang='lat' dir='ltr'>supervacua,</span> <span class='ocrx_word' id='word_1_123' title='bbox 687 1971 750 2031; x_wconf 88' lang='lat' dir='ltr'>nisi</span> <span class='ocrx_word' id='word_1_124' title='bbox 773 1989 843 2031; x_wconf 91' lang='lat' dir='ltr'>cum</span> <span class='ocrx_word' id='word_1_125' title='bbox 868 1972 1019 2047; x_wconf 89' lang='lat' dir='ltr'>audieris,</span> <span class='ocrx_word' id='word_1_126' title='bbox 1046 1973 1149 2033; x_wconf 79' lang='lat' dir='ltr'>scires</span> 
     </span>
     <span class='ocr_line' id='line_1_18' title="bbox 120 2077 1121 2157; baseline -0.001 -18"><span class='ocrx_word' id='word_1_127' title='bbox 120 2100 182 2139; x_wconf 90' lang='lat' dir='ltr'>nou</span> <span class='ocrx_word' id='word_1_128' title='bbox 206 2079 315 2157; x_wconf 84' lang='lat' dir='ltr'>possis</span> <span class='ocrx_word' id='word_1_129' title='bbox 360 2079 421 2138; x_wconf 81' lang='lat' dir='ltr'>Sed</span> <span class='ocrx_word' id='word_1_130' title='bbox 446 2079 484 2136; x_wconf 92' lang='lat' dir='ltr'>de</span> <span class='ocrx_word' id='word_1_131' title='bbox 509 2077 559 2137; x_wconf 89' lang='lat' dir='ltr'>his</span> <span class='ocrx_word' id='word_1_132' title='bbox 584 2077 696 2137; x_wconf 89' lang='lat' dir='ltr'>melius</span> <span class='ocrx_word' id='word_1_133' title='bbox 721 2095 833 2152; x_wconf 89' lang='lat' dir='ltr'>coram,</span> <span class='ocrx_word' id='word_1_134' title='bbox 853 2082 892 2135; x_wconf 89' lang='lat' dir='ltr'>ut</span> <span class='ocrx_word' id='word_1_135' title='bbox 915 2077 956 2136; x_wconf 94' lang='lat' dir='ltr'>de</span> <span class='ocrx_word' id='word_1_136' title='bbox 980 2078 1121 2156; x_wconf 91' lang='lat' dir='ltr'>pluribus</span> 
     </span>
     <span class='ocr_line' id='line_1_19' title="bbox 120 2183 1121 2258; baseline 0 -16"><span class='ocrx_word' id='word_1_137' title='bbox 120 2185 207 2244; x_wconf 90' lang='lat' dir='ltr'>vitiis</span> <span class='ocrx_word' id='word_1_138' title='bbox 235 2183 382 2242; x_wconf 87' lang='lat' dir='ltr'>civitatis</span> <span class='ocrx_word' id='word_1_139' title='bbox 439 2184 523 2241; x_wconf 89' lang='lat' dir='ltr'>Nam</span> <span class='ocrx_word' id='word_1_140' title='bbox 550 2188 585 2240; x_wconf 89' lang='lat' dir='ltr'>tu</span> <span class='ocrx_word' id='word_1_141' title='bbox 618 2200 740 2258; x_wconf 91' lang='lat' dir='ltr'>quoque</span> <span class='ocrx_word' id='word_1_142' title='bbox 771 2199 874 2240; x_wconf 89' lang='lat' dir='ltr'>amore</span> <span class='ocrx_word' id='word_1_143' title='bbox 908 2183 1121 2242; x_wconf 89' lang='lat' dir='ltr'>communium</span> 
     </span>
     <span class='ocr_line' id='line_1_20' title="bbox 120 2286 1119 2365; baseline -0.002 -17"><span class='ocrx_word' id='word_1_144' title='bbox 120 2290 200 2349; x_wconf 91' lang='lat' dir='ltr'>soles</span> <span class='ocrx_word' id='word_1_145' title='bbox 225 2289 384 2348; x_wconf 89' lang='lat' dir='ltr'>emendari</span> <span class='ocrx_word' id='word_1_146' title='bbox 409 2306 520 2365; x_wconf 90' lang='lat' dir='ltr'>cupere</span> <span class='ocrx_word' id='word_1_147' title='bbox 546 2307 624 2364; x_wconf 91' lang='lat' dir='ltr'>quae</span> <span class='ocrx_word' id='word_1_148' title='bbox 649 2287 711 2346; x_wconf 91' lang='lat' dir='ltr'>iam</span> <span class='ocrx_word' id='word_1_149' title='bbox 737 2286 890 2362; x_wconf 83' lang='lat' dir='ltr'>corrigere</span> <span class='ocrx_word' id='word_1_150' title='bbox 915 2287 1045 2347; x_wconf 87' lang='lat' dir='ltr'>difficile</span> <span class='ocrx_word' id='word_1_151' title='bbox 1066 2293 1119 2348; x_wconf 85' lang='lat' dir='ltr'>est.</span> 
     </span>
     <span class='ocr_line' id='line_1_21' title="bbox 71 2392 1161 2471; baseline 0 -19"><span class='ocrx_word' id='word_1_152' title='bbox 71 2408 100 2452; x_wconf 82' lang='lat'>20</span> <span class='ocrx_word' id='word_1_153' title='bbox 119 2395 212 2453; x_wconf 88' lang='lat' dir='ltr'>Nunc</span> <span class='ocrx_word' id='word_1_154' title='bbox 227 2394 429 2471; x_wconf 89' lang='lat' dir='ltr'>respiciamus</span> <span class='ocrx_word' id='word_1_155' title='bbox 448 2394 554 2452; x_wconf 92' lang='lat' dir='ltr'>domos</span> <span class='ocrx_word' id='word_1_156' title='bbox 574 2397 704 2452; x_wconf 90' lang='lat' dir='ltr'>nostras.</span> <span class='ocrx_word' id='word_1_157' title='bbox 748 2392 871 2468; x_wconf 84' lang='lat' dir='ltr'>Ecquid</span> <span class='ocrx_word' id='word_1_158' title='bbox 888 2392 998 2452; x_wconf 89' lang='lat' dir='ltr'>omnia</span> <span class='ocrx_word' id='word_1_159' title='bbox 1016 2393 1050 2452; x_wconf 91' lang='lat' dir='ltr'>in</span> <span class='ocrx_word' id='word_1_160' title='bbox 1069 2400 1161 2452; x_wconf 87' lang='lat' dir='ltr'>tua10</span> 
     </span>
     <span class='ocr_line' id='line_1_22' title="bbox 120 2497 1121 2572; baseline -0.003 -13"><span class='ocrx_word' id='word_1_161' title='bbox 120 2503 228 2560; x_wconf 79' lang='lat' dir='ltr'>recte?</span> <span class='ocrx_word' id='word_1_162' title='bbox 250 2497 284 2557; x_wconf 91' lang='lat' dir='ltr'>in</span> <span class='ocrx_word' id='word_1_163' title='bbox 305 2518 373 2558; x_wconf 87' lang='lat' dir='ltr'>mea</span> <span class='ocrx_word' id='word_1_164' title='bbox 391 2499 465 2556; x_wconf 90' lang='lat' dir='ltr'>novi</span> <span class='ocrx_word' id='word_1_165' title='bbox 481 2498 570 2556; x_wconf 89' lang='lat' dir='ltr'>nihil.</span> <span class='ocrx_word' id='word_1_166' title='bbox 615 2497 697 2556; x_wconf 91' lang='lat' dir='ltr'>Mihi</span> <span class='ocrx_word' id='word_1_167' title='bbox 716 2503 820 2556; x_wconf 88' lang='lat' dir='ltr'>autem</span> <span class='ocrx_word' id='word_1_168' title='bbox 840 2502 872 2556; x_wconf 90' lang='lat' dir='ltr'>et</span> <span class='ocrx_word' id='word_1_169' title='bbox 892 2498 1033 2572; x_wconf 90' lang='lat' dir='ltr'>gratiora</span> <span class='ocrx_word' id='word_1_170' title='bbox 1049 2504 1121 2559; x_wconf 93' lang='lat' dir='ltr'>sunt</span> 
     </span>
    </p>
   </div>
   <div class='ocr_carea' id='block_1_3' title="bbox 119 2601 1121 2771">
    <p class='ocr_par' dir='ltr' id='par_1_3' title="bbox 119 2601 1121 2771">
     <span class='ocr_line' id='line_1_23' title="bbox 119 2601 1121 2682; baseline -0.002 -18"><span class='ocrx_word' id='word_1_171' title='bbox 119 2606 208 2680; x_wconf 83' lang='lat' dir='ltr'>bona,</span> <span class='ocrx_word' id='word_1_172' title='bbox 237 2605 320 2682; x_wconf 92' lang='lat' dir='ltr'>quod</span> <span class='ocrx_word' id='word_1_173' title='bbox 355 2609 564 2681; x_wconf 88' lang='lat' dir='ltr'>perseverant,</span> <span class='ocrx_word' id='word_1_174' title='bbox 593 2609 625 2662; x_wconf 87' lang='lat' dir='ltr'>et</span> <span class='ocrx_word' id='word_1_175' title='bbox 653 2602 770 2662; x_wconf 89' lang='lat' dir='ltr'>leviora</span> <span class='ocrx_word' id='word_1_176' title='bbox 803 2601 1011 2678; x_wconf 87' lang='lat' dir='ltr'>incommoda,</span> <span class='ocrx_word' id='word_1_177' title='bbox 1039 2602 1121 2680; x_wconf 90' lang='lat' dir='ltr'>quod</span> 
     </span>
     <span class='ocr_line' id='line_1_24' title="bbox 120 2707 783 2771; baseline -0.003 -1"><span class='ocrx_word' id='word_1_178' title='bbox 120 2710 256 2771; x_wconf 84' lang='lat' dir='ltr'>adsuevi.</span> <span class='ocrx_word' id='word_1_179' title='bbox 299 2710 386 2771; x_wconf 88' lang='lat' dir='ltr'>Vale.</span> <span class='ocrx_word' id='word_1_180' title='bbox 780 2707 783 2714; x_wconf 82' lang='grc'><strong>’</strong></span> 
     </span>
    </p>
   </div>
   <div class='ocr_carea' id='block_1_4' title="bbox 533 2866 706 2947">
    <p class='ocr_par' dir='ltr' id='par_1_4' title="bbox 533 2866 706 2947">
     <span class='ocr_line' id='line_1_25' title="bbox 533 2866 706 2947; baseline -0.035 -19"><span class='ocrx_word' id='word_1_181' title='bbox 533 2869 585 2928; x_wconf 82' lang='lat'>64.</span> <span class='ocrx_word' id='word_1_182' title='bbox 614 2866 706 2947; x_wconf 82' lang='lat'>(111.)</span> 
     </span>
    </p>
   </div>
   <div class='ocr_carea' id='block_1_5' title="bbox 389 3035 847 3087">
    <p class='ocr_par' dir='ltr' id='par_1_5' title="bbox 389 3035 847 3087">
     <span class='ocr_line' id='line_1_26' title="bbox 389 3035 847 3087; baseline -0.002 0"><span class='ocrx_word' id='word_1_183' title='bbox 389 3038 418 3087; x_wconf 85' lang='lat' dir='ltr'>C.</span> <span class='ocrx_word' id='word_1_184' title='bbox 444 3037 588 3086; x_wconf 89' lang='lat' dir='ltr'>PLINIUS</span> <span class='ocrx_word' id='word_1_185' title='bbox 612 3035 710 3084; x_wconf 82' lang='lat' dir='ltr'>VERO</span> <span class='ocrx_word' id='word_1_186' title='bbox 734 3035 801 3085; x_wconf 89' lang='lat' dir='ltr'>SUO</span> <span class='ocrx_word' id='word_1_187' title='bbox 821 3036 847 3086; x_wconf 86' lang='lat' dir='ltr'>S.</span> 
     </span>
    </p>
   </div>
   <div class='ocr_carea' id='block_1_6' title="bbox 278 3193 968 3256">
    <p class='ocr_par' dir='ltr' id='par_1_6' title="bbox 278 3193 968 3256">
     <span class='ocr_line' id='line_1_27' title="bbox 278 3193 968 3256; baseline -0.003 -13"><span class='ocrx_word' id='word_1_188' title='bbox 278 3193 333 3244; x_wconf 78' lang='lat' dir='ltr'>The</span> <span class='ocrx_word' id='word_1_189' title='bbox 345 3197 412 3245; x_wconf 74' lang='lat' dir='ltr'>little</span> <span class='ocrx_word' id='word_1_190' title='bbox 418 3196 494 3256; x_wconf 85' lang='lat' dir='ltr'>surm</span> <span class='ocrx_word' id='word_1_191' title='bbox 507 3196 582 3256; x_wconf 75' lang='lat' dir='ltr'>piceo</span> <span class='ocrx_word' id='word_1_192' title='bbox 596 3193 627 3254; x_wconf 76' lang='lat' dir='ltr'>by</span> <span class='ocrx_word' id='word_1_193' title='bbox 640 3193 721 3253; x_wconf 77' lang='lat' dir='ltr'>Pliny</span> <span class='ocrx_word' id='word_1_194' title='bbox 733 3199 758 3242; x_wconf 81' lang='lat' dir='ltr'>co</span> <span class='ocrx_word' id='word_1_195' title='bbox 770 3193 813 3242; x_wconf 78' lang='lat' dir='ltr'>his</span> <span class='ocrx_word' id='word_1_196' title='bbox 825 3194 870 3242; x_wconf 85' lang='lat' dir='ltr'>old</span> <span class='ocrx_word' id='word_1_197' title='bbox 882 3206 968 3244; x_wconf 80' lang='lat' dir='ltr'>nurse.</span> 
     </span>
    </p>
   </div>
   <div class='ocr_carea' id='block_1_7' title="bbox 71 3337 1152 3739">
    <p class='ocr_par' dir='ltr' id='par_1_7' title="bbox 71 3337 1152 3739">
     <span class='ocr_line' id='line_1_28' title="bbox 161 3337 1150 3416; baseline -0.009 -16"><span class='ocrx_word' id='word_1_198' title='bbox 161 3341 287 3401; x_wconf 82' lang='lat' dir='ltr'>Gratias</span> <span class='ocrx_word' id='word_1_199' title='bbox 302 3359 360 3415; x_wconf 88' lang='lat' dir='ltr'>ago</span> <span class='ocrx_word' id='word_1_200' title='bbox 375 3340 458 3416; x_wconf 92' lang='lat' dir='ltr'>quod</span> <span class='ocrx_word' id='word_1_201' title='bbox 475 3338 611 3414; x_wconf 88' lang='lat' dir='ltr'>agellum</span> <span class='ocrx_word' id='word_1_202' title='bbox 630 3356 722 3413; x_wconf 91' lang='lat' dir='ltr'>quem</span> <span class='ocrx_word' id='word_1_203' title='bbox 743 3337 859 3397; x_wconf 92' lang='lat' dir='ltr'>nutrici</span> <span class='ocrx_word' id='word_1_204' title='bbox 880 3355 968 3396; x_wconf 89' lang='lat' dir='ltr'>meae</span> <span class='ocrx_word' id='word_1_205' title='bbox 989 3337 1121 3398; x_wconf 76' lang='lat' dir='ltr'>donare</span> <span class='ocrx_word' id='word_1_206' title='bbox 1138 3347 1150 3391; x_wconf 92' lang='lat'>1</span> 
     </span>
     <span class='ocr_line' id='line_1_29' title="bbox 71 3443 1120 3522; baseline -0.002 -17"><span class='ocrx_word' id='word_1_207' title='bbox 71 3459 100 3504; x_wconf 79' lang='lat'>25</span> <span class='ocrx_word' id='word_1_208' title='bbox 120 3465 188 3522; x_wconf 85' lang='lat' dir='ltr'>ram</span> <span class='ocrx_word' id='word_1_209' title='bbox 208 3446 372 3505; x_wconf 88' lang='lat' dir='ltr'>colendum</span> <span class='ocrx_word' id='word_1_210' title='bbox 394 3443 569 3522; x_wconf 86' lang='lat' dir='ltr'>suscepisti.</span> <span class='ocrx_word' id='word_1_211' title='bbox 620 3446 703 3518; x_wconf 88' lang='lat' dir='ltr'>Erat,</span> <span class='ocrx_word' id='word_1_212' title='bbox 724 3462 793 3502; x_wconf 91' lang='lat' dir='ltr'>cum</span> <span class='ocrx_word' id='word_1_213' title='bbox 815 3443 972 3518; x_wconf 88' lang='lat' dir='ltr'>donarem,</span> <span class='ocrx_word' id='word_1_214' title='bbox 994 3449 1120 3503; x_wconf 90' lang='lat' dir='ltr'>centum</span> 
     </span>
     <span class='ocr_line' id='line_1_30' title="bbox 120 3548 1122 3627; baseline -0.001 -18"><span class='ocrx_word' id='word_1_215' title='bbox 120 3551 241 3610; x_wconf 87' lang='lat' dir='ltr'>milium</span> <span class='ocrx_word' id='word_1_216' title='bbox 263 3571 440 3609; x_wconf 91' lang='lat' dir='ltr'>nummum:</span> <span class='ocrx_word' id='word_1_217' title='bbox 463 3556 573 3626; x_wconf 91' lang='lat' dir='ltr'>postea</span> <span class='ocrx_word' id='word_1_218' title='bbox 596 3549 793 3608; x_wconf 89' lang='lat' dir='ltr'>decrescente</span> <span class='ocrx_word' id='word_1_219' title='bbox 817 3548 921 3608; x_wconf 91' lang='lat' dir='ltr'>reditu</span> <span class='ocrx_word' id='word_1_220' title='bbox 938 3549 1037 3608; x_wconf 90' lang='lat' dir='ltr'>etiam</span> <span class='ocrx_word' id='word_1_221' title='bbox 1059 3568 1122 3627; x_wconf 85' lang='lat' dir='ltr'>pre</span> 
     </span>
     <span class='ocr_line' id='line_1_31' title="bbox 120 3653 1152 3739; baseline -0.007 -25"><span class='ocrx_word' id='word_1_222' title='bbox 120 3656 199 3715; x_wconf 90' lang='lat' dir='ltr'>tium</span> <span class='ocrx_word' id='word_1_223' title='bbox 214 3655 337 3728; x_wconf 88' lang='lat' dir='ltr'>minuit,</span> <span class='ocrx_word' id='word_1_224' title='bbox 353 3656 436 3732; x_wconf 91' lang='lat' dir='ltr'>quod</span> <span class='ocrx_word' id='word_1_225' title='bbox 452 3673 534 3713; x_wconf 89' lang='lat' dir='ltr'>nuuc</span> <span class='ocrx_word' id='word_1_226' title='bbox 552 3659 583 3712; x_wconf 92' lang='lat' dir='ltr'>te</span> <span class='ocrx_word' id='word_1_227' title='bbox 601 3660 729 3713; x_wconf 88' lang='lat' dir='ltr'>curante</span> <span class='ocrx_word' id='word_1_228' title='bbox 751 3653 916 3739; x_wconf 88' lang='lat' dir='ltr'>reparabit.</span> <span class='ocrx_word' id='word_1_229' title='bbox 960 3654 1009 3712; x_wconf 85' lang='lat' dir='ltr'>Tu</span> <span class='ocrx_word' id='word_1_230' title='bbox 1031 3655 1152 3713; x_wconf 75' lang='lat' dir='ltr'>modun</span> 
     </span>
    </p>
   </div>
   <div class='ocr_carea' id='block_1_8' title="bbox 0 0 1343 4170">
    <p class='ocr_par' dir='ltr' id='par_1_8' title="bbox 0 0 1343 4170">
     <span class='ocr_line' id='line_1_32' title="bbox 0 0 1343 4170; baseline 0 0"><span class='ocrx_word' id='word_1_231' title='bbox 0 0 1343 4170; x_wconf 95' lang='lat' dir='ltr'> </span> 
     </span>
    </p>
   </div>
  </div>
 </body>
</html>
