2664 4170
190 290 231 356 72
612 299 642 352 c.
661 301 763 352 rann

191 493 290 534 moras
312 479 367 533 aut
387 491 462 533 cave
476 491 515 532 ne
530 473 654 533 eosdem
669 473 746 534 istos
761 473 898 550 libellos,
914 495 1000 554 quos
1016 478 1078 541 tibi
1092 479 1195 539 hende

188 579 340 658 casyllabi
361 579 461 638 nostri
483 579 648 639 blanditiis
669 578 781 638 elicere
802 599 865 638 non
888 590 1041 658 possunt,
1063 585 1194 645 convicio

189 691 347 745 scazontes
376 690 590 762 extorqueant.
639 684 819 774 Perfectum
843 704 925 763 opus
954 688 1218 768 absolutumque³

188 798 245 865 est,
263 809 319 849 nec
341 790 403 848 iam
425 790 615 866 splendescit
635 788 713 849 lima
731 790 789 852 aed
810 791 970 850 atteritur.
1017 795 1131 854 Patere
1150 813 1191 854 me

153 896 293 954 evidere
315 894 444 953 titulum
466 901 564 969 tuum,
586 902 693 972 patere
714 894 823 954 audire
844 896 985 958 describi
1008 899 1074 976 legi
1094 900 1190 960 venire

188 1001 348 1060 volumina
368 1000 546 1077 Tranquilli
566 1000 635 1058 mei.
678 1000 797 1060 Aecum
818 1005 867 1061 est
886 1021 946 1062 nos
959 1003 998 1062 in
1015 1023 1120 1066 amore
1133 1012 1190 1065 tam

189 1111 296 1165 mutuo
314 1106 444 1165 eandem
464 1106 623 1183 percipere
644 1124 683 1164 ex
703 1111 735 1165 te
748 1105 965 1184 voluptatem,
991 1129 1059 1188 qua
1078 1118 1114 1171 tu
1133 1129 1190 1190 per-

188 1212 302 1272 frueris
317 1231 356 1270 ex
370 1211 470 1272 nobis.
512 1211 599 1272 Vale.

587 1464 640 1525 se.
670 1462 786 1543 (xiv.)

444 1632 474 1683 C.
497 1632 640 1683 PLINIUS
663 1631 795 1683 PONTIO
819 1632 886 1684 SUO
909 1634 938 1686 S.

317 1790 423 1851 Pliay’s
434 1790 529 1852 friend
541 1791 596 1840 aad
607 1791 750 1853 cellaeque,
764 1789 900 1841 Cornutus
915 1792 1069 1846 Tertullus.

229 1945 422 2005 Secesseram
446 1945 480 2003 in
503 1945 717 2022 municipium,
739 1963 810 2004 cum
837 1946 916 2005 mihi
938 1949 1128 2010 nuntiatum
1148 1957 1218 2010 estl

139 2068 168 2111 10
188 2054 359 2112 Cornutum
394 2050 570 2110 Tertullum
605 2050 761 2128 accepisse
788 2051 944 2111 Aemiliae
974 2054 1049 2114 viae
1079 2075 1189 2116 euram.

187 2156 371 2232 Exprimere
392 2176 454 2215 non
476 2175 602 2232 possum
624 2161 741 2232 quanto
762 2156 822 2216 sim
845 2157 959 2232 gaudio
985 2159 1134 2221 adfectus
1161 2166 1219 2219 etr

187 2263 286 2338 ipsius
308 2267 340 2321 et
361 2281 429 2321 meo
450 2261 590 2336 nomine;
613 2261 722 2339 ipsius,
745 2263 837 2338 quod,
860 2262 902 2322 sit
922 2261 1007 2339 licet,
1029 2266 1116 2326 sicut
1137 2273 1190 2341 est,

187 2368 225 2426 ab
240 2367 324 2425 omni
339 2367 508 2426 ambitione
523 2366 614 2442 longe
632 2372 778 2442 remotus,
793 2368 886 2428 debet
906 2373 1012 2428 tamen
1035 2371 1066 2430 ei
1090 2372 1191 2431 iucun-

187 2473 244 2532 dus
265 2472 363 2531 honor
385 2491 451 2532 esse
473 2472 556 2530 ultro
577 2473 685 2547 datus3
708 2490 784 2546 meo,
801 2473 883 2550 quod
904 2472 1072 2551 aliquanto
1093 2476 1189 2552 magis

139 2589 166 2634 15
187 2596 235 2636 me
250 2577 386 2637 delectat
400 2579 582 2637 mandatum
599 2577 677 2636 mihi
692 2576 835 2653 officium,
852 2584 1019 2656 postquam
1042 2600 1101 2659 par
1123 2583 1190 2643 Cor-

186 2688 262 2742 nuto
280 2684 387 2742 datum
409 2684 508 2742 video.
551 2684 663 2760 Neque
685 2683 768 2741 enim
789 2684 896 2759 augeri
917 2684 1076 2760 dignitate
1099 2698 1217 2764 quamn

187 2789 313 2864 aequari
326 2788 414 2848 bonis
425 2788 552 2863 gratius.
596 2790 734 2849 Cornuto
746 2794 850 2848 autem
861 2789 937 2866 quid
950 2789 1093 2851 melius?
1115 2792 1189 2870 quid

187 2895 353 2953 sanctius?
375 2893 451 2969 quid
472 2893 506 2952 in
527 2893 611 2952 omni
633 2912 743 2969 genere
765 2893 869 2953 laudis
883 2895 922 2953 ad
935 2894 1098 2973 exemplar
1113 2898 1188 2957 anti·

187 2999 317 3076 quitatis
333 2998 537 3077 expressius?
560 3001 643 3076 quod
664 3000 743 3059 mihi
757 3001 916 3076 cognitum
937 3006 986 3061 est
1007 3021 1073 3061 non
1094 3004 1187 3078 fama,

137 3111 167 3156 20
186 3124 248 3181 qua
273 3105 390 3182 alioqui
415 3107 534 3182 optima
557 3112 588 3166 et
617 3106 820 3166 meritissima
848 3106 974 3181 fruitur,
1000 3107 1056 3167 sed
1086 3108 1187 3185 longis

186 3211 370 3288 magnisque
391 3211 621 3288 experimentis.
665 3214 740 3273 Una
754 3211 923 3287 diligimus,
938 3230 1002 3271 una
1017 3211 1188 3275 dileximus
1204 3228 1217 3273 4

186 3334 293 3375 omnes
307 3317 373 3375 fere
389 3336 465 3393 quos
481 3322 566 3376 aetas
581 3323 689 3378 nostra
702 3317 736 3376 in
750 3324 881 3395 utroque
896 3336 973 3378 sexu
983 3319 1187 3381 aemulandos

186 3420 277 3496 tulit;
301 3440 380 3497 quae
396 3421 526 3481 societas
542 3422 748 3482 amicitiarum
765 3423 925 3484 artissima
944 3442 1001 3484 nos
1023 3425 1189 3487 familiari·

185 3530 251 3585 tate
268 3526 438 3585 coniunxit.
480 3527 624 3588 Accessit
644 3528 804 3588 vinculum
825 3528 1066 3590 necessitudinis
1089 3530 1217 3609 publi-r

137 3641 165 3686 25
186 3648 247 3689 cae.
290 3630 379 3690 Idem
394 3632 477 3691 enim
491 3632 578 3707 mihi,
594 3639 629 3692 ut
644 3634 714 3709 scis,
730 3634 848 3710 collega
862 3633 952 3711 quasi
973 3639 1048 3693 voto
1067 3636 1187 3712 petitus

186 3735 219 3793 in
241 3735 440 3813 praefectura
461 3737 574 3797 aerarii
595 3738 667 3813 fuit,
689 3739 753 3798 fuit
775 3745 807 3798 et
833 3739 867 3797 in
890 3738 1063 3799 consulatu.
1107 3742 1188 3800 Tum
