2664 4170
513 785 654 850 LIBER
684 786 855 852 NONUS.

602 1015 654 1076 9⁰·
683 1012 767 1094 (Vl.)

417 1183 447 1233 o.
472 1183 617 1233 rrimus
640 1182 812 1234 cmvrsio
835 1182 903 1235 suo
927 1183 953 1234 1.

384 1330 466 1391 Pliny
479 1332 502 1378 is
514 1331 594 1380 bored
606 1331 638 1392 by
650 1331 692 1380 the
704 1343 778 1380 rates
791 1331 820 1380 in
832 1331 874 1381 tte
890 1329 993 1406 Oinous.

227 1474 326 1536 Omne
347 1475 405 1534 hoc
430 1481 554 1552 tempus
578 1475 662 1535 inter
685 1474 854 1552 pugillares
877 1494 912 1535 ac
937 1476 1064 1538 libellos
1086 1477 1210 1537 incur-1

187 1580 317 1640 (lissima
341 1581 446 1657 quiete
470 1580 639 1640 transmisi.
684 1581 983 1651 ‘Quemadmodum'
1006 1581 1115 1660 inquis
1140 1582 1185 1640 ‘in

186 1687 263 1745 urbe
284 1686 459 1763 potuisti?'
502 1686 664 1746 Circenses
686 1692 782 1761 erant,
802 1705 863 1763 quo
885 1704 996 1761 genere
1018 1687 1187 1764 spectaculi

186 1810 225 1850 ne
240 1791 399 1850 levissime
414 1791 540 1867 quidem
555 1796 669 1850 teneor.
712 1790 805 1850 Nihil
819 1810 944 1865 novum,
958 1791 1042 1850 nihil
1057 1792 1187 1865 varium,

152 1895 267 1960 snihil
296 1895 380 1972 quod
407 1915 469 1954 non
497 1895 592 1954 semel
624 1902 781 1972 spectasse
809 1894 949 1956 sufficiat.
993 1896 1061 1966 Quo
1090 1897 1220 1974 magis2

187 2001 282 2059 miror
297 2007 344 2059 tot
359 2000 490 2059 milia
462 2019 598 2058 vrrornm
616 2005 681 2059 tam
698 2000 861 2077 pueriliter
881 2000 1056 2060 identidem
1076 2020 1190 2080 cupere

187 2111 346 2164 currentes
375 2123 479 2181 equos,
508 2104 690 2164 insistentes
718 2104 861 2165 curribus
895 2105 1037 2165 homines
1072 2107 1190 2166 videre.

189 2211 221 2270 si
236 2216 340 2269 tamen
358 2218 413 2268 aut
430 2208 595 2268 velocitate
615 2227 764 2286 equorum
783 2215 837 2268 ant
858 2210 1017 2269 hominum
1042 2216 1111 2270 arte
1133 2218 1193 2272 tra

186 2315 344 2389 herentur,
360 2319 443 2373 esset
459 2313 540 2373 ratio
558 2333 622 2397 non
640 2313 742 2373 nulla:
764 2307 848 2373 nnnc
864 2315 973 2374 favent
987 2333 1103 2391 pann0,
1119 2336 1195 2395 pan-

139 2441 167 2486 10
187 2439 262 2478 num
276 2424 392 2492 amant,
408 2425 440 2478 et
457 2419 484 2479 si
505 2419 538 2476 in
559 2419 627 2495 ipso
649 2437 741 2478 cursu
762 2420 926 2495 medioque
946 2419 1119 2480 tentamine
1141 2422 1194 2482 hic

187 2525 270 2584 color
283 2524 368 2598 illuc,
384 2524 438 2582 ille
457 2524 517 2583 huc
539 2525 756 2598 transferatur,
773 2524 912 2583 studium
933 2524 1086 2602 favorque
1109 2531 1196 2587 tran-

187 2630 271 2704 sibit
291 2635 323 2689 et
340 2634 467 2706 repente
484 2628 652 2735 agitatores
668 2628 748 2703 illos,
769 2647 865 2706 equos
886 2629 966 2703 illos,
982 2648 1061 2707 quos
1079 2632 1195 2707 procul

186 2736 351 2809 noscitant,
367 2754 498 2811 quorum
519 2704 683 2793 clamitant
703 2733 838 2807 nomina,
856 2734 1043 2810 relinquent.
1087 2736 1197 2798 Tanta
1217 2750 1233 2794 3

187 2841 296 2917 gratia,
318 2846 408 2899 tanta
435 2839 640 2899 auctoritas
633 2858 666 2897 1n
692 2857 754 2897 una
777 2838 932 2899 vilissima
957 2839 1074 2915 tunica,
1087 2842 1196 2904 mitto

138 2966 166 3011 15
187 2946 270 3024 apud
280 2946 402 3020 vulgus,
415 2946 497 3022 quod
508 2943 602 3003 vilius
616 2943 732 3018 tunica,
745 2944 800 3003 sed
814 2945 897 3021 apud
912 2945 1062 3021 quosdam
1077 2965 1195 3022 graves

186 3051 345 3125 homines;
367 3069 445 3127 quos
464 3069 521 3125 ego
538 3069 608 3108 cum
625 3049 767 3108 recordor
784 3049 818 3106 in
839 3068 872 3109 re
893 3049 979 3108 inani
1000 3049 1121 3127 frigida
1143 3055 1197 3114 ad-

187 3159 278 3217 sidua
298 3163 363 3216 tam
384 3155 608 3216 insatiabiliter
633 3155 783 3227 desidere,
807 3155 895 3231 capio
919 3155 1056 3232 aliquam
1081 3158 1196 3237 volup

186 3268 292 3337 tatem,
308 3262 391 3339 quod
407 3261 465 3320 hac
480 3261 640 3337 voluptate
661 3279 724 3319 non
742 3260 854 3337 capior.
899 3260 944 3318 Ac
966 3279 1021 3336 per
1041 3260 1099 3321 hos
1123 3263 1195 3326 dies
1216 3272 1233 3316 4

186 3367 392 3427 libentissime
417 3366 515 3425 otium
540 3383 641 3423 meum
668 3365 701 3422 in
725 3364 840 3424 litteris
869 3365 1002 3438 conloco,
1028 3384 1107 3442 quos
1134 3369 1195 3430 alii

137 3492 166 3536 20
186 3471 385 3531 otiosissimis
400 3470 654 3552 occupationibus
669 3469 812 3551 perdunt.
855 3469 941 3533 Vale.
