2664 4170
482 237 743 288 EPISTULARUM
766 238 813 288 IV.
835 239 874 290 la.

605 475 657 536 46.
686 473 753 554 (x.)

354 635 384 685 Ο.
411 634 555 684 PLINIUS
579 633 709 684 STATIO
732 635 864 684 SABINO
888 634 955 685 SUO
979 636 1005 687 S.

179 780 206 829 Τ
205 783 237 831 lte
249 782 346 831 lcooum
360 782 452 831 wishes
464 782 496 844 os
508 796 525 831 a
537 783 658 831 sectatrix
670 796 716 831 ore
729 788 755 831 to
769 783 798 832 be
807 783 935 844 sulfllled
950 798 1012 833 even
1025 784 1052 846 is
1059 791 1105 835 not
1117 786 1180 846 dulu

607 874 750 934 expressed.

138 1000 153 1044 1
219 988 336 1048 Scribis
351 988 429 1046 mihi
445 988 601 1062 Sabinam,
611 1007 690 1065 quae
702 1008 759 1047 nos
769 988 899 1066 reliquit
909 990 1047 1064 heredes,
1061 991 1180 1051 Modes-

175 1100 245 1152 tum
267 1112 390 1153 servum
412 1112 501 1153 suum
519 1112 674 1169 nusquam
692 1092 824 1153 liberum
842 1112 909 1152 esse
925 1094 1062 1169 iussisse,
1078 1095 1179 1154 eidem

175 1207 283 1258 tamen
305 1198 349 1258 sic
370 1198 575 1275 adscripsisse
596 1197 735 1274 legatum
753 1199 915 1258 ‘Modesto
932 1217 1023 1275 quem
1047 1199 1177 1259 liberum

137 1314 154 1359 2
176 1323 244 1364 esse
265 1303 362 1363 iussi!
404 1303 534 1373 Quaeris
553 1303 629 1380 quid
650 1303 792 1363 sentiam.
835 1303 962 1363 Contuli
980 1322 1047 1363 eum
1068 1305 1178 1382 peritis

175 1409 263 1470 iuris.
307 1409 461 1469 Convenit
479 1409 561 1467 inter
578 1427 685 1469 omnes
702 1428 758 1468 nec
776 1409 953 1468 libertatern
973 1411 1087 1484 deberi,
1104 1410 1179 1488 quia
1198 1425 1213 1469 a

175 1515 298 1575 nonsit
315 1515 397 1588 data,
417 1532 473 1573 nec
495 1513 641 1591 legatum,
660 1514 734 1590 quia
755 1533 843 1574 servo
866 1533 921 1573 suo
942 1515 1073 1574 dederit.
1117 1516 1179 1575 Sed

174 1619 255 1678 mibi
273 1619 460 1679 manifestus
478 1638 563 1678 error
582 1618 715 1693 videtur,
731 1619 862 1696 ideoque
878 1626 954 1696 puto
974 1621 1072 1695 nobis,
1088 1621 1178 1698 quasi

175 1725 338 1802 scripserit
370 1724 494 1798 Sabina,
524 1724 702 1783 faciendum
736 1725 821 1801 quod
852 1726 922 1803 ipsa
952 1726 1114 1803 scripsisse
1145 1746 1178 1787 se

136 1844 153 1888 3
175 1829 318 1889 eredidit.
362 1828 492 1888 Confido
513 1848 709 1890 accessurmn
735 1836 766 1888 te
792 1831 966 1890 sententiae
991 1850 1178 1905 meriacum

174 1933 413 2010 religiosissime
436 1933 535 1993 soleas
556 1935 712 1993 custodire
735 1935 954 1994 defunctorum
974 1937 1177 2011 voluntatem,
1199 1953 1227 1997 10

174 2058 271 2117 quam
291 2039 382 2099 bouis
403 2039 569 2098 heredibus
592 2039 787 2100 intellexisse
807 2060 863 2118 pro
882 2041 949 2100 iure
968 2047 1023 2101 est.
1067 2043 1178 2119 Neque

174 2145 260 2204 enim
281 2145 386 2205 minus
407 2145 491 2222 apud
511 2164 568 2204 nos
589 2144 736 2205 honestas
758 2165 851 2223 quarn
873 2147 956 2223 apud
978 2146 1055 2207 alios
1077 2166 1178 2208 neees-

134 2268 152 2312 4
174 2250 254 2311 sitas
275 2250 367 2310 valet.
410 2252 551 2309 Moretur
572 2269 645 2326 ergo
662 2250 695 2308 in
717 2250 860 2310 libertate
883 2252 1057 2311 sinentibus
1078 2252 1177 2326 nobis,

173 2357 300 2415 fruatur
321 2355 433 2430 legato,
455 2355 545 2432 quasi
567 2356 672 2414 omnia
693 2356 934 2430 diligentissime
955 2358 1081 2417 caverit.
1125 2358 1179 2417 Ca

173 2460 224 2519 vit
238 2460 322 2519 enim
337 2479 416 2536 quae
430 2460 559 2520 heredes
574 2461 652 2519 bene
667 2461 770 2536 elegit.
814 2461 899 2520 Vale.
1199 2479 1227 2523 15

582 2709 636 2768 47.
665 2704 769 2785 (uu.)

322 2864 352 2916 O.
377 2863 522 2914 PLINIUS
545 2864 699 2914 MATURO
723 2864 891 2914 ARRIANO
915 2864 983 2914 SUO
1007 2865 1033 2915 S.

511 3010 537 3060 A
548 3013 707 3073 scrupulosis
719 3017 849 3072 quaestor.

137 3171 152 3217 1
216 3157 314 3216 Amas
335 3156 506 3232 Egnatium
528 3156 747 3217 Marcellinum
766 3162 860 3233 atque
882 3156 976 3216 etiarn
993 3157 1072 3216 mihi
1086 3177 1177 3235 saepe

174 3263 391 3322 commendas:
420 3261 538 3321 amabis
567 3261 666 3337 magis
695 3262 997 3339 commendabisque‚
1021 3263 1048 3322 si
1071 3281 1179 3338 cogno

136 3382 152 3427 2
173 3368 259 3428 veris
281 3367 347 3427 eius
369 3385 477 3426 recens
498 3367 625 3426 facturn.
669 3368 746 3427 Cum
770 3367 803 3424 in
826 3367 1018 3443 provinciam
1033 3373 1178 3445 quaestor

175 3452 295 3533 exisset
323 3472 518 3548 scribamque
540 3472 594 3549 qui
620 3478 702 3532 sorte
726 3459 881 3546 obtigerat
906 3479 977 3531 ante
1002 3473 1178 3548 legitimum

176 3578 286 3639 salarii
300 3584 424 3654 tempus
445 3577 611 3650 amisisset,
628 3579 711 3653 quod
732 3584 893 3654 acceperat
914 3579 1032 3637 scribae
1047 3579 1177 3639 daturus
1198 3585 1227 3630 20

139 3698 155 3742 a
176 3683 339 3742 intellexit
353 3687 385 3741 et
400 3682 513 3741 statuit
528 3682 688 3741 subsidere
704 3683 787 3759 apud
802 3701 834 3742 se
849 3703 911 3742 non
923 3690 1073 3760 oportere.
1118 3685 1178 3744 Ita
