2664 4170
271 599 312 681 Ο.
356 599 508 681 PLlNl
555 599 775 684 CAECILI
821 602 1065 687 SECUNDI

470 791 867 876 EPISTULARUM

485 1037 628 1102 LIBER
659 1038 850 1104 PRIMUS.

626 1237 656 1296 1
685 1235 740 1316 (1.)

421 1380 451 1433 C.
472 1381 616 1432 PLINIUS
637 1381 801 1433 SEPTICIO
823 1382 890 1433 SUO
911 1384 937 1435 S.

536 1508 697 1569 Dedicctcrg
714 1508 825 1570 Epistle.

140 1649 152 1691 1
219 1633 413 1710 Frequenter
446 1631 591 1691 hortatus
626 1649 659 1690 es
695 1637 731 1691 ut
766 1632 927 1709 epistulas,
954 1633 1061 1711 siquas
1087 1635 1181 1712 paulo

178 1737 319 1798 curatius
334 1735 537 1813 scripsissem,
555 1735 733 1812 colligerem
753 1737 1016 1816 publicaremque.
1059 1740 1180 1816 Collegi

177 1862 242 1902 11011
256 1848 379 1902 servato
398 1842 548 1919 temporis
568 1842 677 1901 ordine
694 1842 907 1920 (nequeenim
923 1843 1087 1904 historiam
1103 1864 1180 1904 com-

137 1968 152 2011 2
178 1947 355 2025 ponebam),
371 1947 426 2006 sed
448 1952 484 2006 ut
505 1965 646 2024 quaeque
667 1946 701 2005 in
722 1966 832 2006 manus
852 1953 988 2008 venerat.
1033 1949 1180 2026 Superest

177 2060 213 2114 ut
230 2054 287 2112 nec
306 2058 338 2112 te
357 2051 481 2112 consilii
502 2070 559 2111 nec
581 2070 630 2111 me
651 2052 811 2130 paeniteat
832 2052 982 2130 obsequii.
1026 2054 1078 2112 Ita
1097 2054 1179 2112 enim
1202 2068 1217 2113 o

177 2159 233 2218 fiet
260 2164 297 2218 111
324 2177 376 2219 eas
405 2176 485 2235 01100
513 2158 614 2217 adhuc
642 2157 802 2234 neglectae
830 2158 933 2217 iacent
958 2157 1123 2235 requiram,
1148 2164 1180 2218 et

178 2264 286 2341 siquas
307 2262 467 2339 addidero,
487 2282 550 2322 non
572 2262 774 2341 supprimam,
817 2263 905 2324 Vale.

596 2475 627 2534 a
656 2473 748 2554 (111.)

363 2620 392 2672 0.
415 2619 559 2671 PLINIUS
580 2618 733 2670 CANINIO
754 2620 850 2670 RUFO
872 2620 940 2671 SUO
961 2621 986 2672 S.

177 2755 311 2808 Caninius
328 2756 353 2805 is
369 2756 452 2818 urged
472 2760 498 2804 to
516 2755 619 2816 employ
636 2754 678 2803 leis
696 2754 838 2816 deliqltful
858 2756 956 2805 leisure
973 2761 1002 2806 ot
1021 2755 1132 2806 Comum
1150 2758 1180 2806 in

594 2837 758 2898 cothorsltip.

136 2970 152 3014 1
218 2953 300 3026 Quid
317 2953 384 3031 agit
401 2953 540 3027 Comum,
555 2958 628 3012 tuae
642 2971 790 3030 meaeque
806 2953 962 3013 deliciae?
983 2953 1059 3031 quid
1074 2955 1180 3014 subur-

178 3060 294 3120 banum
307 3058 584 3119 amoenissimum?
604 3057 681 3135 quid
697 3057 755 3117 illa
768 3058 908 3135 porticus
923 3077 1019 3118 verna
1033 3061 1178 3136 semper?

179 3164 256 3244 quid
285 3164 437 3242 platanon
470 3161 700 3240 opacissimus?
737 3163 813 3240 quid
846 3164 973 3241 euripus
1005 3163 1116 3224 viridis
1148 3169 1180 3223 et
1204 3172 1232 3217 10

179 3273 361 3346 gemmeus?
386 3268 464 3347 quid
488 3267 646 3328 subiectus
669 3273 701 3327 01
726 3268 865 3328 serviens
890 3267 1002 3329 lacus?
1026 3268 1102 3345 quid
1124 3268 1181 3328 illa

179 3374 282 3436 mollis
307 3380 339 3434 et
362 3379 468 3434 tamen
491 3372 592 3432 solida
615 3373 774 3449 gestatio?
805 3373 881 3450 quid
906 3372 1064 3432 balineum
1088 3373 1178 3447 illud,

179 3480 262 3558 quod
275 3479 429 3557 plurimus
444 3477 490 3538 sol
510 3477 621 3554 implet
639 3483 670 3536 et
689 3477 855 3536 circumit?
878 3477 954 3554 quid
971 3477 1111 3537 triclinia
1124 3478 1181 3538 illa

178 3583 350 3663 popularia,
363 3582 420 3643 illa
433 3584 621 3660 paucorum?
637 3581 716 3659 quid
726 3581 869 3640 cubicula
877 3582 998 3656 diurna,
1008 3586 1178 3643 nocturna?

672 3679 686 3728 l
