2664 4170
491 213 752 264 EPISTULARUM
776 214 797 263 1.
820 215 858 265 19.
1131 203 1172 266 15

172 404 232 462 que
254 386 311 445 sub
331 385 390 444 hoc
411 385 553 462 exemplo
575 385 729 445 somnium
751 386 837 445 istud
865 386 899 444 in
923 386 1037 446 bonum
1058 393 1172 461 vertas,

171 497 227 550 aut
242 491 269 549 si
283 491 383 550 tutius
398 496 489 567 putas
505 490 585 548 illud
606 491 780 551 cautissimi
802 491 950 568 cuiusque
972 498 1172 569 praeceptum

136 609 152 654 6
173 597 272 673 ‘quod
294 596 418 656 dubites
440 615 478 655 ne
499 596 631 670 feceris,’
654 596 687 655 id
715 596 819 673 ipsum
847 597 988 656 rescribe.
1031 598 1098 673 Ego
1120 597 1174 656 ali·
1227 673 1229 677 ,

172 721 267 779 quam
295 701 456 778 stropham
490 701 649 760 inveniam
677 720 828 778 agamque
857 720 980 761 causam
1013 708 1109 776 tuam,
1138 708 1174 762 ut

172 807 274 884 ipsam
295 824 385 881 agere
406 812 451 880 tu,
470 825 539 864 oum
562 806 657 881 voles,
679 807 788 883 possis.
831 807 891 866 Est
911 806 994 865 enim
1017 825 1090 866 sane
1112 807 1208 866 alian

172 912 254 970 ratio
275 916 339 986 tua,
362 911 425 970 alia
448 930 518 970 mea
545 911 616 970 fuit.
659 913 743 970 Nam
771 910 921 970 iudicium
949 911 1173 972 centumvirale

172 1017 294 1084 differri
308 1016 396 1076 nullo
410 1017 510 1092 mode,
526 1017 611 1076 istud
625 1035 716 1092 aegre
730 1017 857 1094 quidem
872 1017 926 1077 sed
940 1024 1046 1076 tamen
1061 1023 1172 1094 potest.

172 1122 260 1183 Vale.

573 1345 625 1405 ra
654 1343 773 1424 (xix.)

339 1520 368 1570 C.
394 1520 537 1569 PLINIUS
560 1519 728 1569 ROMATIO
751 1519 868 1570 FIRMO
892 1520 959 1570 SUO
983 1519 1007 1570 S.

175 1686 258 1746 Pliny
267 1684 345 1744 offers
354 1685 396 1733 nis
401 1685 496 1747 setend
505 1698 521 1733 a
528 1684 640 1744 fortune
650 1690 676 1733 to
686 1684 778 1733 enable
788 1685 843 1733 him
854 1691 880 1734 to
890 1690 963 1734 enter
972 1685 1014 1734 tte
1024 1685 1176 1746 equescnnn

634 1776 718 1824 order.

139 1930 152 1974 1
214 1917 379 1994 Municeps
394 1923 429 1975 tu
443 1935 530 1975 meus
544 1921 576 1974 et
590 1915 821 1992 condiscipulus
836 1922 868 1974 et
882 1915 921 1974 ab
935 1915 1062 1974 ineunte
1074 1920 1175 1974 aetate

174 2022 416 2095 contubernalis,
432 2027 521 2098 pater
536 2027 609 2080 tuus
625 2027 657 2079 et
673 2020 764 2080 matri
781 2027 813 2079 et
832 2020 985 2079 avunculo
1005 2039 1081 2095 meo,
1096 2020 1175 2078 mihi
1197 2042 1225 2085 10

174 2128 279 2202 etiam,
302 2132 454 2204 quantum
475 2125 588 2186 aetatis
610 2125 775 2185 diversitas
797 2144 890 2202 passa
911 2132 967 2198 est,
989 2125 1174 2201 familiaris3

175 2251 305 2308 magnae
319 2239 352 2291 et
365 2250 475 2308 graves
490 2250 600 2292 causae
615 2250 670 2290 cur
685 2231 841 2307 suscipere
859 2249 970 2305 augere
989 2231 1174 2305 dignitatem

138 2349 154 2394 2
173 2344 260 2398 tuam
275 2338 433 2397 debeam·
456 2338 534 2397 Esse
552 2343 656 2396 autem
679 2336 737 2395 tibi
759 2343 883 2395 centum
906 2335 1027 2394 milium
1048 2355 1173 2396 censum

175 2443 253 2503 satis
267 2442 386 2502 indicat
401 2443 484 2520 quod
498 2442 582 2520 apud
596 2461 652 2501 nos
668 2441 793 2501 decurio
809 2461 849 2501 es.
893 2441 996 2516 Igitur
1010 2448 1046 2500 ut
1063 2448 1094 2500 te
1113 2461 1183 2500 non·

175 2549 340 2609 decurione
369 2548 469 2609 solum
498 2567 605 2607 verum
631 2548 726 2606 etiam
748 2547 854 2624 equite
875 2547 1016 2605 Romano
1037 2547 1176 2623 perfrua
1197 2570 1224 2614 15

174 2675 253 2730 mur,
279 2655 375 2714 offero
399 2653 459 2713 tibi
483 2655 523 2712 ad
547 2652 712 2730 inplendae
738 2657 897 2729 equestres
922 2651 1089 2710 facultates
1117 2657 1175 2710 tre-

137 2767 266 2821 3centa
300 2759 389 2823 milia
423 2778 592 2817 nummum.
650 2759 693 2816 Te
721 2776 888 2816 memorem
916 2757 1009 2815 huius
1037 2756 1174 2815 muneris

174 2866 332 2926 amicitiae
347 2870 471 2924 nostrae
486 2863 677 2923 diuturnitas
697 2863 848 2939 spondet:
872 2881 928 2937 ego
948 2881 988 2920 ne
1010 2861 1089 2919 illud
1110 2861 1176 2937 qui-

175 2973 246 3031 dem
278 2972 438 3044 admoneo,
467 2969 551 3046 quod
585 2969 750 3028 admonere
785 2968 937 3041 deberem,
967 2967 1028 3026 nisi
1063 2962 1174 3026 scirem

175 3083 286 3154 sponte
300 3076 468 3149 facturum,
483 3081 519 3133 ut
533 3073 688 3150 dignitate
703 3093 721 3132 a
740 3092 789 3131 me
806 3074 880 3132 data
900 3091 993 3149 quam
1015 3072 1176 3131 modestis·
1195 3093 1224 3137 20

137 3191 154 3236 4
175 3181 262 3256 sime,
277 3187 313 3240 ut
329 3199 410 3240 ame
426 3181 508 3254 data,
523 3185 620 3239 utare.
662 3179 746 3237 Nam
766 3178 932 3237 sollicitius
951 3177 1174 3237 custodiendus

175 3294 223 3346 est
243 3286 351 3361 honor,
373 3285 405 3344 in
427 3305 488 3363 quo
510 3285 605 3343 etiam
625 3283 811 3344 beneficium
833 3282 924 3342 amici
946 3283 1096 3341 tuendum
1118 3287 1173 3342 est.

174 3392 261 3453 Vale.
