2664 4170
419 246 680 297 nrrsrunnnuu
704 249 800 299 11.14.
1071 237 1110 300 27

106 422 160 475 tur
174 435 193 476 a
207 435 256 475 me
268 417 437 494 plurimum
449 437 505 477 nec
516 425 622 478 tamen
633 419 777 479 vincitur.
820 421 975 498 Equidem
988 421 1110 480 iuvenis

106 522 216 582 statim
231 523 336 580 iuveni
352 529 504 599 quantum
519 524 606 600 potui
623 544 677 602 per
692 532 824 585 aetatem
844 526 1025 585 avidissime
1042 546 1110 585 con·

105 628 167 686 tuli
191 635 224 687 et
246 647 346 704 nuper
371 629 410 688 ab
434 629 554 706 optimo
579 630 720 708 principe
744 632 840 690 trium
866 631 1034 691 liberorum
1059 633 1108 691 ius

104 734 281 810 impetravi.
325 734 415 804 Quod
430 754 619 811 quamquam
635 755 726 812 parce
741 742 854 795 etcum
872 736 995 795 delectu
1010 737 1107 810 daret,

66 849 83 893 9
104 839 185 897 mihi
202 844 317 914 tamen,
332 846 492 916 tamquam
512 841 650 915 eligeret,
666 841 806 900 indulsit.
851 843 938 900 Haec
959 842 1143 901 beneficias

104 963 175 1003 mea
196 944 278 1003 tueri
298 944 385 1004 nullo
406 946 498 1004 modo
519 946 630 1006 melius
652 964 746 1023 quam
766 953 802 1005 ut
823 965 951 1022 augeam
971 967 1106 1024 possum,

104 1050 289 1127 praesertim
304 1069 374 1109 cum
390 1051 456 1127 ipse
471 1050 605 1110 illatam
626 1058 712 1127 grate
732 1051 954 1129 interpretetr·
1010 1098 1016 1125 ,
1076 1073 1085 1110 1
1151 1075 1210 1182 p!

52 1164 84 1209 10
104 1155 211 1233 priora
224 1155 347 1232 accipit,
364 1156 536 1233 posteriora
554 1053 1106 1234 increatumflffibdfflitdldni
1118 1150 1131 1165 ‘

104 1261 254 1337 probatus
274 1279 425 1337 carusque
444 1261 487 1321 sit
506 1262 605 1335 nobis,
621 1281 713 1339 quem
733 1281 806 1338 rogo
825 1282 882 1340 pro
901 1263 1035 1338 ingenie,
1051 1283 1106 1340 pro

104 1366 232 1424 fortuna
245 1371 302 1425 tua
315 1384 453 1426 exornes.
496 1368 535 1425 In
547 1366 657 1444 primis
668 1386 738 1426 ama
749 1367 922 1427 hominem:
945 1387 1016 1427 nam
1032 1368 1107 1428 licet
1128 1380 1157 1424 10

103 1470 225 1530 tribuas
247 1470 275 1530 ei
297 1478 449 1548 quantum
471 1471 700 1549 amplissimum
716 1477 813 1550 potes
829 1473 908 1531 nihil
926 1479 1031 1532 tamen
1046 1493 1107 1533 am-

104 1576 289 1653 pliuspotes
300 1575 440 1635 amicitia
449 1582 518 1652 tua3
541 1577 630 1637 cuius
641 1596 708 1637 esse
720 1597 789 1636 eum
801 1597 899 1654 usque
911 1580 951 1638 ad
961 1579 1105 1639 intimam

104 1680 353 1741 familiaritatem
382 1700 528 1759 capacem
557 1683 737 1760 quo-magis
759 1683 863 1757 scires,
885 1684 1022 1743 breviter
1046 1686 1105 1745 tibi

53 1795 82 1840 11
104 1787 219 1861 studia,
234 1805 344 1861 mores,
360 1806 482 1846 omnem
503 1787 636 1864 denique
655 1788 751 1847 vitam
769 1789 836 1849 eius
856 1789 1003 1866 expressi.
1047 1791 1107 1848 Ex-

103 1892 265 1952 tenderem
287 1911 403 1969 preces
419 1891 481 1952 nisi
496 1898 527 1953 et
541 1899 577 1951 tu
591 1893 693 1968 rogari
713 1894 768 1952 diu
785 1894 894 1968 nolles,
910 1900 941 1953 et
962 1913 1018 1969 ego
1039 1900 1107 1954 tota
1126 1907 1155 1951 15

103 1996 162 2056 hoc
173 1996 310 2074 epistula
320 1997 480 2057 fecissem:
501 2004 590 2073 rogat
601 1997 693 2072 enim,
704 1998 873 2075 etquidem
885 1998 1105 2074 efficacissime,

103 2101 160 2179 qui
174 2102 278 2161 reddit
292 2120 400 2162 causas
416 2103 553 2179 rogandi.
595 2102 682 2164 Vale.

504 2307 555 2368 25.
585 2304 701 2385 (xrv.)

351 2464 381 2515 O.
404 2463 548 2514 PLINIUS
571 2464 723 2515 MAXIMO
747 2465 815 2515 SUO
839 2466 864 2516 S.

374 2599 546 2662 Deyeueracy
557 2599 590 2660 os
603 2599 673 2661 leuel
685 2600 831 2660 eloqucace.

67 2743 81 2788 1
143 2732 261 2792 Verum
288 2730 442 2807 opinaris:
476 2730 647 2806 distringor
680 2731 959 2792 centumviralibus
993 2734 1104 2807 causis,

102 2854 184 2914 quae
208 2854 257 2894 me
282 2841 428 2895 exercent
455 2836 555 2911 magis
583 2854 676 2913 quam
703 2836 867 2896 delectant.
918 2837 998 2896 Sunt
1023 2839 1103 2897 enim

102 2941 271 3019 pleraeque
284 2959 400 3018 parvae
421 2946 453 3001 et
473 2941 588 3001 exiles:
614 2959 684 3000 raro
704 2940 817 3001 incidit
836 2942 886 3000 vel
904 2961 1105 3019 personarum
1126 2960 1155 3004 20

67 3054 83 3098 2
103 3047 248 3107 claritate
262 3048 314 3106 vel
329 3047 446 3122 negotii
460 3046 675 3122 magnitudine
691 3046 832 3122 insignis.
876 3047 928 3106 Ad
942 3048 1000 3107 hoc
1015 3049 1105 3126 pauci

103 3171 174 3212 cum
199 3153 311 3230 quibus
339 3152 426 3210 iuvet
453 3152 571 3211 dicere:
605 3151 701 3211 ceteri
730 3152 861 3211 audaces
890 3159 983 3229 atque
1011 3153 1105 3213 etiam

102 3276 216 3333 magna
240 3276 278 3315 ex
303 3264 392 3334 parte
417 3256 645 3317 adulescentuli
666 3257 788 3316 obscuri
809 3257 850 3316 ad
871 3257 1105 3317 declamandum

103 3363 165 3421 huc
179 3361 380 3435 transierunt,
396 3368 458 3420 tam
480 3361 693 3420 inreverenter
710 3368 742 3420 et
758 3367 874 3421 temere
894 3367 929 3421 ut
946 3362 1025 3421 mihi
1041 3363 1107 3422 Ati-

103 3466 166 3527 lius
180 3472 287 3527 noster
305 3485 450 3544 expresse
471 3467 589 3526 dixisse
598 3466 742 3525 videatur
760 3467 804 3526 sic
822 3467 855 3524 in
870 3467 938 3525 foro
958 3487 1069 3545 pueros
1089 3487 1107 3527 a
1127 3485 1155 3528 25

104 3571 383 3632 centumviralibus
394 3574 495 3631 causis
507 3572 663 3649 auspicari
678 3578 712 3630 ut
727 3572 766 3630 ab
781 3572 918 3630 Homero
932 3572 966 3629 in
981 3573 1104 3632 scholis.

68 3690 84 3734 3
104 3678 187 3737 Nam
209 3677 262 3736 hic
283 3695 405 3754 quoque
424 3683 460 3735 ut
479 3677 545 3735 illic
566 3677 701 3754 primum
716 3677 818 3754 coepit
832 3695 899 3737 esse
915 3678 998 3754 quod
1013 3679 1108 3737 maxi-
