2664 4170
605 308 635 358 C.
655 309 755 358 PLlNI

567 516 620 576 97.
649 514 796 596 (xxiv.)

399 673 429 724 C.
453 673 598 724 PLINIUS
622 673 821 724 SABIMANO
844 674 912 726 SUO
935 675 963 727 S.
1053 690 1056 695 ·

324 819 432 870 Succosa
445 822 477 883 os
485 821 593 882 Pliaa‘s
605 823 777 871 intemeratos
783 822 832 884 sor
843 823 886 872 tlte
892 823 1046 885 freedmon.

223 967 308 1024 Bene
329 966 434 1025 fecisti
456 967 539 1043 quod
559 966 706 1025 libertum
720 966 889 1043 aliquando
903 967 964 1026 tibi
979 986 1088 1028 carum
1102 971 1182 1029 redu·
1198 994 1208 1038 1

183 1072 326 1130 centibus
348 1071 492 1148 epistulis
514 1071 592 1130 ineis
614 1071 647 1129 in
668 1071 803 1146 domum,
816 1071 852 1130 in
866 1071 1008 1131 animum
1029 1074 1180 1152 recepisti.

183 1177 310 1235 Iuvabit
331 1176 389 1234 hoc
410 1181 458 1236 tea
486 1195 536 1234 me
557 1182 640 1235 certe
662 1176 767 1269 iuvat5
792 1176 937 1253 primum,
959 1179 1046 1255 quod
1068 1186 1101 1238 te
1122 1185 1181 1238 tam

183 1281 378 1340 tractabilem
407 1281 498 1339 video
525 1287 562 1340 ut
590 1281 624 1339 in
651 1281 699 1340 ira
725 1281 791 1356 regi
818 1282 930 1358 possis,
956 1283 1083 1357 deinde,
1105 1285 1183 1362 quod

148 1393 305 1448 stantum
327 1386 405 1443 mihi
426 1386 540 1445 tribuis
562 1392 597 1445 ut
618 1387 669 1445 vel
690 1386 871 1446 auctoritati
894 1405 982 1447 meae
1004 1407 1117 1465 pareas
1137 1389 1182 1447 vel

183 1492 326 1569 precibus
341 1491 511 1566 indulgeas.
555 1492 658 1567 Igitur
675 1491 768 1551 laudo
789 1497 820 1551 et
841 1492 958 1567 gratias
973 1511 1040 1568 ago.
1087 1493 1184 1554 Simul

184 1597 217 1655 in
231 1602 387 1674 posterum
411 1614 520 1655 moneo
541 1602 576 1655 ut
596 1602 628 1655 te
650 1597 804 1656 erroribus
819 1602 953 1672 tuorum,
969 1598 1032 1658 etsi
1046 1618 1112 1658 non
1124 1599 1184 1658 fue

183 1702 225 1760 rit
239 1702 294 1779 qui
309 1701 501 1778 deprecetur,
516 1701 702 1778 placabilem
715 1706 863 1779 praestes.
906 1701 994 1763 Vale.

549 1920 601 1982 ea
631 1917 818 2000 (mm.)

428 2078 457 2128 C.
483 2078 627 2129 PLINIUS
650 2078 801 2129 CANINIO
825 2079 893 2130 SUO
915 2079 942 2132 S.

434 2226 590 2289 Wouderful
602 2228 655 2277 tole
667 2227 699 2290 os
706 2241 722 2277 a
735 2233 804 2277 tame
816 2228 936 2290 delphin.

224 2372 326 2431 Incidi
349 2372 380 2430 in
403 2373 565 2432 materiam
580 2391 695 2447 veram,
718 2373 772 2432 sed
794 2373 987 2434 simillimam
1009 2374 1104 2436 fictae
1127 2379 1226 2456 dig-1

136 2488 164 2533 10
184 2496 317 2554 namque
339 2477 399 2536 isto
420 2477 602 2551 laetissimo,
619 2477 782 2553 altissimo
798 2477 952 2556 planeque
968 2481 1092 2556 poetico
1108 2483 1194 2559 inge-

184 2582 245 2655 nio,
262 2581 359 2640 incidi
373 2588 486 2655 autem,
503 2583 577 2640 dum
599 2601 691 2659 super
712 2601 820 2642 cenam
835 2584 922 2644 varia
940 2584 1096 2645 miracula
1116 2586 1194 2647 hinc

184 2687 257 2745 inde
289 2687 475 2745 referuntur.
531 2688 649 2763 Magna
676 2689 795 2747 auctori
823 2689 917 2749 fides:
953 2691 1082 2750 tametsi
1113 2693 1195 2770 quid

184 2797 293 2869 poetae
315 2810 384 2849 cum
405 2792 492 2850 fide?
536 2793 569 2851 ls
590 2798 696 2851 tamen
717 2799 824 2853 auctor
845 2795 895 2853 cui
917 2794 994 2854 bene
1015 2795 1067 2854 vel
1093 2796 1195 2859 histo-

184 2897 263 2956 riam
285 2896 457 2973 scripturus
479 2898 671 2957 credidisses.
714 2899 773 2958 Est
792 2899 824 2956 in
840 2898 950 2959 Africa
970 2899 1194 2978 Hipponensis
1215 2915 1231 2959 a

137 3016 164 3061 15
185 3002 313 3074 colonia,
329 3002 408 3060 mari
426 3002 586 3078 proxima:
616 3003 738 3062 adiacet
758 3004 935 3079 navigabile
957 3009 1121 3080 stagnum:
1153 3027 1195 3067 ex

184 3107 296 3166 hocin
318 3107 444 3165 modum
465 3106 605 3167 fluminis
633 3109 821 3168 aestuarium
851 3109 991 3186 emergit,
1013 3110 1098 3186 quod
1122 3113 1194 3174 vioe

185 3213 314 3287 alterna,
343 3217 436 3289 prout
470 3219 576 3273 aestus
606 3219 660 3272 aut
690 3214 841 3291 repressit
868 3219 923 3274 aut
951 3214 1076 3292 inpulit,
1107 3236 1195 3278 nunc

186 3318 321 3376 infertur
348 3318 426 3376 mari
455 3337 537 3377 nunc
565 3319 707 3377 redditur
735 3325 853 3394 stagno.
897 3319 1006 3380 Omnis
1026 3319 1079 3380 hic
1102 3329 1194 3385 aetas
1216 3338 1232 3384 3

185 3423 337 3499 piscandi,
352 3423 531 3498 navigandi,
547 3429 640 3501 atque
663 3425 757 3483 etiam
779 3425 908 3484 natandi
931 3425 1035 3485 studio
1052 3431 1193 3504 tenetur,

136 3545 166 3590 20
185 3529 319 3588 maxime
334 3529 432 3605 pueri,
445 3549 521 3605 quos
537 3530 634 3587 otium
650 3530 798 3607 lususque
811 3531 967 3590 sollicitat.
1011 3531 1074 3590 His
1088 3531 1195 3607 gloria

186 3640 218 3693 et
238 3634 339 3692 virtus
361 3634 514 3694 altissime
529 3635 675 3711 provehi:
698 3637 797 3695 vietor
813 3637 866 3695 ille
882 3637 936 3713 qui
950 3635 1136 3711 longissime
1156 3645 1195 3698 ut

186 3738 262 3798 litus
287 3739 333 3797 ita
357 3738 451 3798 simul
478 3745 624 3800 natantes
652 3741 787 3818 reliquit.
830 3743 900 3801 Hoc
921 3741 1090 3801 certamine
1112 3761 1194 3820 puer
1215 3765 1231 3808 4
