2664 4170
483 268 744 352 rrrsrunlnuu
768 301 816 352 rx.
837 301 879 352 23.
1120 288 1183 353 115

560 551 613 611 96.
642 548 798 630 (xxrrr.)

426 707 455 759 C.
475 708 620 759 PLINIUS
644 709 797 760 MAXIMO
821 709 889 761 SUO
913 711 939 763 S.

448 854 504 905 The
510 857 586 919 some
597 856 630 918 os
643 857 752 907 Tacitus
764 858 819 908 aad
830 859 919 921 Pliny.

141 1014 156 1059 1
217 1003 411 1080 Frequenter
432 1001 537 1077 agenti
558 1001 639 1059 mihi
659 1001 764 1060 evenit
778 1008 814 1061 ut
828 1004 1024 1079 centumviri,
1040 1023 1111 1064 oum
1125 1006 1180 1065 diu

178 1127 210 1169 se
225 1109 309 1168 intra
322 1108 460 1167 iudicum
483 1107 702 1166 auctoritatem
723 1107 972 1186 gravitatemque
994 1111 1179 1186 tenuissent,

176 1233 284 1273 omnes
305 1218 434 1290 repente
455 1211 644 1288 quasivicti
665 1213 825 1290 coactique
839 1221 1061 1289 consurgerent
1075 1215 1181 1276 lauda-

140 1324 325 1395 arentque;
353 1317 535 1395 frequenter
559 1335 576 1376 e
602 1322 712 1377 senatu
739 1318 866 1394 famam,
892 1319 1015 1396 qualem
1045 1321 1180 1380 maxime

176 1429 365 1502 optaveram,
387 1423 512 1482 rettuli:
542 1441 711 1499 numquam
736 1428 841 1483 tamen
866 1425 1014 1483 maiorem
1039 1426 1107 1503 cepi
1130 1433 1214 1486 vob

175 1529 339 1606 luptatem,
355 1547 449 1606 quam
468 1546 568 1605 nuper
584 1546 622 1587 ex
640 1546 779 1588 sermone
802 1529 927 1589 Corneli
948 1531 1058 1589 Taciti.
1101 1532 1179 1591 Nar-

175 1634 265 1693 rabat
300 1633 418 1694 sedisse
446 1650 479 1693 se
506 1651 576 1691 cum
605 1633 740 1710 quodam
776 1634 975 1695 Circensibus
1006 1637 1176 1713 proximis:

175 1738 258 1798 hunc
279 1744 351 1816 post
371 1738 474 1798 varios
496 1738 696 1815 eruditosque
718 1757 875 1799 sermones
890 1740 1059 1817 requisisse
1075 1741 1179 1801 ‘Itali-

175 1863 229 1905 cus
257 1862 290 1904 es
318 1863 359 1904 an
386 1842 635 1921 provincialis?'
663 1861 696 1902 se
717 1843 915 1920 respondisse
944 1846 1045 1906 ‘nosti
1065 1865 1123 1921 me,
1146 1854 1178 1906 61

139 1949 302 2027 squidem
323 1967 362 2008 ex
383 1947 517 2008 studiis?
558 1947 611 2006 Ad
638 1948 696 2007 hoc
721 1947 811 2006 illum
834 1949 978 2009 ‘Tacitus
999 1969 1033 2010 es
1054 1968 1094 2009 an
1115 1951 1178 2010 Pli-
1199 1960 1227 2005 10

173 2053 290 2114 nius?’
345 2053 529 2130 Exprimere
556 2071 619 2112 non
647 2072 774 2130 possum
810 2073 902 2131 quam
934 2055 976 2115 sit
1006 2055 1177 2115 iucundum

173 2159 253 2218 mihi
274 2159 358 2237 quod
378 2159 507 2218 nomina
527 2163 642 2232 nostra,
658 2159 748 2235 quasi
765 2159 942 2218 litterarum
964 2161 1098 2237 propria,
1114 2181 1176 2221 non

173 2263 345 2339 homiuum,
366 2263 482 2323 litteris
504 2263 685 2339 redduntur,
708 2264 790 2340 quod
811 2270 942 2342 uterque
963 2271 1103 2325 nostrum
1125 2267 1176 2327 his

138 2390 154 2433 4
174 2370 270 2430 etiam
291 2388 330 2429 ex
351 2369 465 2430 studiis
484 2374 576 2429 notus
594 2369 707 2446 quibus
729 2369 821 2428 aliter
842 2371 967 2445 ignotus
989 2377 1045 2430 ost.
1088 2371 1176 2431 Acci-

174 2475 222 2535 dit
236 2474 324 2534 aliud
337 2479 410 2534 ante
424 2473 573 2552 pauculos
587 2474 654 2534 dies
670 2474 780 2534 simile.
824 2475 1036 2536 Recumbebat
1055 2494 1175 2536 mecum
1197 2485 1225 2531 15

173 2580 223 2639 vir
237 2581 389 2657 egregius,
404 2581 522 2640 Fadius
537 2579 680 2654 Rufinus,
696 2599 873 2658 supereum
889 2582 1050 2659 municeps
1065 2583 1175 2660 ipsius,

174 2686 229 2763 qui
250 2685 306 2744 illo
325 2685 376 2745 die
395 2686 530 2763 primum
546 2691 680 2745 uenerat
701 2686 735 2744 in
755 2687 880 2762 urbem3
903 2687 953 2745 cui
968 2687 1111 2762 Rufinus,
1127 2688 1176 2747 dc-

173 2796 351 2851 monstrans
369 2810 428 2866 me,
445 2791 550 2850 ‘vides
571 2791 699 2850 hunc?’
742 2790 846 2850 Multa
867 2792 979 2851 deinde
1000 2793 1038 2851 de
1060 2793 1174 2853 studiis

137 2897 298 2957 snostris.
340 2898 383 2956 Et
410 2896 465 2956 ille
494 2896 637 2956 ‘Plinius
658 2896 724 2957 est'
747 2896 858 2974 iuquit.
901 2899 1017 2958 Verum
1042 2897 1174 2974 fatebor,

173 3002 262 3085 capio
282 3020 429 3078 magnum
450 3001 565 3062 laboris
586 3002 648 3060 mci
669 3001 815 3061 fructum.
858 3002 919 3077 An,
942 3003 968 3062 si
993 3004 1175 3062 Demosthe·
1194 3009 1224 3053 20

173 3126 228 3168 nes
243 3108 309 3167 iure
323 3108 459 3167 laetatus
480 3112 528 3166 est
549 3108 633 3184 quod
653 3106 743 3166 illum
765 3126 842 3168 anus
859 3108 965 3166 Attica
982 3108 1027 3167 ita
1043 3109 1175 3167 noscitur

172 3213 229 3288 vit,
257 3211 338 3277 οὗτός
367 3217 430 3273 ἐστι
455 3213 647 3291 Δημοσθένης,
669 3231 725 3288 ego
753 3212 933 3271 celebritate
954 3212 1089 3272 nominis
1111 3214 1173 3272 mci

136 3335 152 3380 6
173 3319 306 3394 gaudere
320 3337 383 3378 non
392 3318 520 3378 debeo?
562 3319 629 3393 Ego
645 3336 716 3376 vero
731 3324 763 3376 61
777 3318 895 3393 gaudeo
916 3323 948 3377 et
970 3318 1102 3392 gaudere
1124 3337 1174 3378 me

172 3423 248 3483 dico.
291 3424 403 3500 Neque
424 3423 508 3481 enim
529 3441 636 3482 vereor
658 3441 696 3481 ne
717 3422 882 3481 iactantior
903 3422 1020 3496 videar,
1042 3441 1112 3481 oum
1134 3423 1174 3482 de

171 3547 221 3588 me
249 3528 381 3588 aliorum
416 3528 576 3602 iudicium,
605 3547 668 3587 non
694 3547 798 3587 meum
826 3528 960 3604 profero,
989 3529 1173 3604 praesertim
1194 3538 1223 3583 25

172 3634 256 3711 apud
268 3639 309 3709 16,
325 3634 379 3711 qui
393 3651 450 3692 neo
464 3632 561 3693 ullius
576 3634 699 3693 invides
717 3633 864 3693 laudibus
885 3638 919 3693 61
937 3632 1027 3694 faves
1047 3634 1172 3695 nostris

171 3739 258 3800 Vale.
