<?xml version="1.0" encoding="UTF-8"?>
<!DOCTYPE html PUBLIC "-//W3C//DTD XHTML 1.0 Transitional//EN"
    "http://www.w3.org/TR/xhtml1/DTD/xhtml1-transitional.dtd">
<html xmlns="http://www.w3.org/1999/xhtml" xml:lang="en" lang="en">
 <head>
  <title>
</title>
<meta http-equiv="Content-Type" content="text/html;charset=utf-8" />
  <meta name='ocr-system' content='tesseract 3.04.00' />
  <meta name='ocr-capabilities' content='ocr_page ocr_carea ocr_par ocr_line ocrx_word'/>
</head>
<body>
  <div class='ocr_page' id='page_1' title='image "./cplinisecundiep02plingoog_0111.png"; bbox 0 0 2664 4170; ppageno 0'>
   <div class='ocr_carea' id='block_1_1' title="bbox 104 245 683 309">
    <p class='ocr_par' dir='ltr' id='par_1_1' title="bbox 104 245 683 309">
     <span class='ocr_line' id='line_1_1' title="bbox 104 245 683 309; baseline -0.002 -1"><span class='ocrx_word' id='word_1_1' title='bbox 104 245 146 309; x_wconf 80' lang='lat'><strong>64</strong></span> <span class='ocrx_word' id='word_1_2' title='bbox 531 257 560 308; x_wconf 90' lang='lat' dir='ltr'><strong>c.</strong></span> <span class='ocrx_word' id='word_1_3' title='bbox 582 258 683 307; x_wconf 81' lang='lat' dir='ltr'><strong>rnnu</strong></span> 
     </span>
    </p>
   </div>
   <div class='ocr_carea' id='block_1_2' title="bbox 56 429 1148 1752">
    <p class='ocr_par' dir='ltr' id='par_1_2' title="bbox 103 429 1113 821">
     <span class='ocr_line' id='line_1_2' title="bbox 103 429 1113 508; baseline 0.002 -20"><span class='ocrx_word' id='word_1_4' title='bbox 103 429 233 503; x_wconf 84' lang='lat' dir='ltr'>tissime,</span> <span class='ocrx_word' id='word_1_5' title='bbox 249 448 319 488; x_wconf 89' lang='lat' dir='ltr'><strong>cum</strong></span> <span class='ocrx_word' id='word_1_6' title='bbox 333 430 438 489; x_wconf 88' lang='lat' dir='ltr'><strong>omnia</strong></span> <span class='ocrx_word' id='word_1_7' title='bbox 451 448 491 489; x_wconf 86' lang='lat' dir='ltr'><strong>ex</strong></span> <span class='ocrx_word' id='word_1_8' title='bbox 505 429 636 490; x_wconf 91' lang='lat' dir='ltr'><strong>consilio</strong></span> <span class='ocrx_word' id='word_1_9' title='bbox 650 429 879 508; x_wconf 80' lang='lat' dir='ltr'><strong>sapientissimi</strong></span> <span class='ocrx_word' id='word_1_10' title='bbox 891 431 957 490; x_wconf 88' lang='lat' dir='ltr'><strong>viri</strong></span> <span class='ocrx_word' id='word_1_11' title='bbox 972 432 1113 491; x_wconf 82' lang='lat' dir='ltr'><strong>facerem</strong></span> 
     </span>
     <span class='ocr_line' id='line_1_3' title="bbox 103 532 1112 614; baseline 0.004 -22"><span class='ocrx_word' id='word_1_12' title='bbox 103 534 186 604; x_wconf 78' lang='lat' dir='ltr'><strong>Quin</strong></span> <span class='ocrx_word' id='word_1_13' title='bbox 205 535 300 593; x_wconf 90' lang='lat' dir='ltr'><strong>etiam</strong></span> <span class='ocrx_word' id='word_1_14' title='bbox 318 535 453 594; x_wconf 88' lang='lat' dir='ltr'><strong>moriens</strong></span> <span class='ocrx_word' id='word_1_15' title='bbox 472 532 557 594; x_wconf 88' lang='lat' dir='ltr'><strong>filiae</strong></span> <span class='ocrx_word' id='word_1_16' title='bbox 577 553 659 610; x_wconf 87' lang='lat' dir='ltr'><strong>suae,</strong></span> <span class='ocrx_word' id='word_1_17' title='bbox 677 541 714 594; x_wconf 88' lang='lat' dir='ltr'><strong>ut</strong></span> <span class='ocrx_word' id='word_1_18' title='bbox 732 534 803 612; x_wconf 89' lang='lat' dir='ltr'><strong>ipsa</strong></span> <span class='ocrx_word' id='word_1_19' title='bbox 819 535 904 595; x_wconf 89' lang='lat' dir='ltr'><strong>solet</strong></span> <span class='ocrx_word' id='word_1_20' title='bbox 923 537 1112 614; x_wconf 90' lang='lat' dir='ltr'><strong>praedicare,</strong></span> 
     </span>
     <span class='ocr_line' id='line_1_4' title="bbox 105 639 1112 719; baseline 0.003 -21"><span class='ocrx_word' id='word_1_21' title='bbox 105 640 237 699; x_wconf 86' lang='lat' dir='ltr'><strong>‘multos</strong></span> <span class='ocrx_word' id='word_1_22' title='bbox 252 640 379 716; x_wconf 90' lang='lat' dir='ltr'><strong>quidem</strong></span> <span class='ocrx_word' id='word_1_23' title='bbox 393 640 507 700; x_wconf 87' lang='lat' dir='ltr'><strong>amicos</strong></span> <span class='ocrx_word' id='word_1_24' title='bbox 524 640 583 699; x_wconf 89' lang='lat' dir='ltr'><strong>tibi</strong></span> <span class='ocrx_word' id='word_1_25' title='bbox 597 646 634 699; x_wconf 91' lang='lat' dir='ltr'><strong>ut</strong></span> <span class='ocrx_word' id='word_1_26' title='bbox 650 639 790 716; x_wconf 82' lang='lat' dir='ltr'><strong>longiore</strong></span> <span class='ocrx_word' id='word_1_27' title='bbox 803 639 873 700; x_wconf 90' lang='lat' dir='ltr'><strong>vita</strong></span> <span class='ocrx_word' id='word_1_28' title='bbox 892 642 1017 718; x_wconf 90' lang='lat' dir='ltr'><strong>paravi,</strong></span> <span class='ocrx_word' id='word_1_29' title='bbox 1031 660 1112 719; x_wconf 79' lang='lat' dir='ltr'><strong>prae</strong></span> 
     </span>
     <span class='ocr_line' id='line_1_5' title="bbox 104 745 1110 821; baseline 0.002 -18"><span class='ocrx_word' id='word_1_30' title='bbox 104 745 213 821; x_wconf 86' lang='lat' dir='ltr'><strong>cipuos</strong></span> <span class='ocrx_word' id='word_1_31' title='bbox 228 751 333 804; x_wconf 87' lang='lat' dir='ltr'><strong>tamen</strong></span> <span class='ocrx_word' id='word_1_32' title='bbox 349 745 524 805; x_wconf 86' lang='lat' dir='ltr'><strong>Secundum</strong></span> <span class='ocrx_word' id='word_1_33' title='bbox 539 751 572 805; x_wconf 92' lang='lat' dir='ltr'><strong>et</strong></span> <span class='ocrx_word' id='word_1_34' title='bbox 589 746 780 806; x_wconf 72' lang='lat' dir='ltr'><strong>Cornutum!</strong></span> <span class='ocrx_word' id='word_1_35' title='bbox 820 746 914 816; x_wconf 81' lang='lat' dir='ltr'><strong>Quod</strong></span> <span class='ocrx_word' id='word_1_36' title='bbox 929 765 1004 806; x_wconf 92' lang='lat' dir='ltr'><strong>cum</strong></span> <span class='ocrx_word' id='word_1_37' title='bbox 1018 765 1110 807; x_wconf 89' lang='lat' dir='ltr'><strong>recor-</strong></span> 
     </span>
    </p>

    <p class='ocr_par' dir='ltr' id='par_1_3' title="bbox 69 849 1148 1348">
     <span class='ocr_line' id='line_1_6' title="bbox 69 849 1148 928; baseline 0.003 -23"><span class='ocrx_word' id='word_1_38' title='bbox 69 863 83 905; x_wconf 87' lang='lat'>5</span> <span class='ocrx_word' id='word_1_39' title='bbox 105 851 169 924; x_wconf 87' lang='lat' dir='ltr'><strong>dor,</strong></span> <span class='ocrx_word' id='word_1_40' title='bbox 186 849 334 925; x_wconf 75' lang='lat' dir='ltr'><strong>intellego</strong></span> <span class='ocrx_word' id='word_1_41' title='bbox 349 850 427 908; x_wconf 90' lang='lat' dir='ltr'><strong>mihi</strong></span> <span class='ocrx_word' id='word_1_42' title='bbox 445 850 649 910; x_wconf 90' lang='lat' dir='ltr'><strong>laborandum</strong></span> <span class='ocrx_word' id='word_1_43' title='bbox 664 869 779 928; x_wconf 91' lang='lat' dir='ltr'><strong>nequa</strong></span> <span class='ocrx_word' id='word_1_44' title='bbox 795 856 886 928; x_wconf 86' lang='lat' dir='ltr'><strong>parte</strong></span> <span class='ocrx_word' id='word_1_45' title='bbox 901 851 1015 912; x_wconf 85' lang='lat' dir='ltr'><strong>videar</strong></span> <span class='ocrx_word' id='word_1_46' title='bbox 1033 853 1109 913; x_wconf 91' lang='lat' dir='ltr'><strong>hanc</strong></span> <span class='ocrx_word' id='word_1_47' title='bbox 1126 865 1148 908; x_wconf 85' lang='lat'><strong>10</strong></span> 
     </span>
     <span class='ocr_line' id='line_1_7' title="bbox 105 954 1146 1032; baseline 0.004 -19"><span class='ocrx_word' id='word_1_48' title='bbox 105 956 143 1013; x_wconf 90' lang='lat' dir='ltr'><strong>de</strong></span> <span class='ocrx_word' id='word_1_49' title='bbox 164 974 213 1014; x_wconf 90' lang='lat' dir='ltr'><strong>me</strong></span> <span class='ocrx_word' id='word_1_50' title='bbox 234 954 382 1014; x_wconf 87' lang='lat' dir='ltr'><strong>fiduciam</strong></span> <span class='ocrx_word' id='word_1_51' title='bbox 404 955 673 1032; x_wconf 75' lang='lat' dir='ltr'><strong>providentissimi</strong></span> <span class='ocrx_word' id='word_1_52' title='bbox 691 955 753 1014; x_wconf 90' lang='lat' dir='ltr'><strong>viri</strong></span> <span class='ocrx_word' id='word_1_53' title='bbox 773 955 968 1016; x_wconf 87' lang='lat' dir='ltr'><strong>destituisse.</strong></span> <span class='ocrx_word' id='word_1_54' title='bbox 1012 958 1108 1028; x_wconf 81' lang='lat' dir='ltr'><strong>Quare</strong></span> <span class='ocrx_word' id='word_1_55' title='bbox 1125 973 1146 1017; x_wconf 89' lang='lat'><strong>11</strong></span> 
     </span>
     <span class='ocr_line' id='line_1_8' title="bbox 105 1060 1108 1138; baseline 0.004 -20"><span class='ocrx_word' id='word_1_56' title='bbox 105 1080 161 1135; x_wconf 88' lang='lat' dir='ltr'><strong>ego</strong></span> <span class='ocrx_word' id='word_1_57' title='bbox 172 1080 245 1119; x_wconf 90' lang='lat' dir='ltr'><strong>vero</strong></span> <span class='ocrx_word' id='word_1_58' title='bbox 257 1060 409 1121; x_wconf 81' lang='lat' dir='ltr'><strong>Corelliae</strong></span> <span class='ocrx_word' id='word_1_59' title='bbox 424 1061 518 1120; x_wconf 88' lang='lat' dir='ltr'><strong>adero</strong></span> <span class='ocrx_word' id='word_1_60' title='bbox 532 1060 765 1138; x_wconf 87' lang='lat' dir='ltr'><strong>promptissime</strong></span> <span class='ocrx_word' id='word_1_61' title='bbox 780 1079 836 1120; x_wconf 92' lang='lat' dir='ltr'><strong>nec</strong></span> <span class='ocrx_word' id='word_1_62' title='bbox 851 1061 960 1121; x_wconf 88' lang='lat' dir='ltr'><strong>subire</strong></span> <span class='ocrx_word' id='word_1_63' title='bbox 976 1063 1108 1123; x_wconf 88' lang='lat' dir='ltr'><strong>offensas</strong></span> 
     </span>
     <span class='ocr_line' id='line_1_9' title="bbox 105 1165 1107 1242; baseline 0.003 -18"><span class='ocrx_word' id='word_1_64' title='bbox 105 1167 269 1225; x_wconf 85' lang='lat' dir='ltr'><strong>recusabo:</strong></span> <span class='ocrx_word' id='word_1_65' title='bbox 292 1185 480 1242; x_wconf 89' lang='lat' dir='ltr'><strong>quamquam</strong></span> <span class='ocrx_word' id='word_1_66' title='bbox 495 1185 558 1224; x_wconf 93' lang='lat' dir='ltr'><strong>non</strong></span> <span class='ocrx_word' id='word_1_67' title='bbox 573 1165 673 1226; x_wconf 91' lang='lat' dir='ltr'><strong>solum</strong></span> <span class='ocrx_word' id='word_1_68' title='bbox 687 1165 811 1225; x_wconf 90' lang='lat' dir='ltr'><strong>veniam</strong></span> <span class='ocrx_word' id='word_1_69' title='bbox 826 1183 875 1224; x_wconf 84' lang='lat' dir='ltr'><strong>me</strong></span> <span class='ocrx_word' id='word_1_70' title='bbox 891 1168 1107 1227; x_wconf 90' lang='lat' dir='ltr'><strong>verumetiam</strong></span> 
     </span>
     <span class='ocr_line' id='line_1_10' title="bbox 105 1271 1107 1348; baseline 0.004 -20"><span class='ocrx_word' id='word_1_71' title='bbox 105 1271 230 1330; x_wconf 90' lang='lat' dir='ltr'><strong>laudem</strong></span> <span class='ocrx_word' id='word_1_72' title='bbox 244 1272 327 1348; x_wconf 89' lang='lat' dir='ltr'><strong>apud</strong></span> <span class='ocrx_word' id='word_1_73' title='bbox 342 1271 438 1330; x_wconf 91' lang='lat' dir='ltr'><strong>istum</strong></span> <span class='ocrx_word' id='word_1_74' title='bbox 457 1271 560 1348; x_wconf 92' lang='lat' dir='ltr'><strong>ipsum</strong></span> <span class='ocrx_word' id='word_1_75' title='bbox 574 1290 593 1330; x_wconf 89' lang='lat' dir='ltr'><strong>a</strong></span> <span class='ocrx_word' id='word_1_76' title='bbox 607 1290 677 1348; x_wconf 92' lang='lat' dir='ltr'><strong>quo,</strong></span> <span class='ocrx_word' id='word_1_77' title='bbox 692 1276 728 1330; x_wconf 93' lang='lat' dir='ltr'><strong>ut</strong></span> <span class='ocrx_word' id='word_1_78' title='bbox 743 1271 799 1345; x_wconf 89' lang='lat' dir='ltr'><strong>ais,</strong></span> <span class='ocrx_word' id='word_1_79' title='bbox 813 1289 897 1330; x_wconf 89' lang='lat' dir='ltr'><strong>nova</strong></span> <span class='ocrx_word' id='word_1_80' title='bbox 912 1271 955 1331; x_wconf 91' lang='lat' dir='ltr'><strong>lis</strong></span> <span class='ocrx_word' id='word_1_81' title='bbox 976 1273 1107 1332; x_wconf 86' lang='lat' dir='ltr'><strong>fortasse</strong></span> 
     </span>
    </p>

    <p class='ocr_par' dir='ltr' id='par_1_4' title="bbox 56 1376 1108 1752">
     <span class='ocr_line' id='line_1_11' title="bbox 56 1376 1106 1450; baseline 0.002 -15"><span class='ocrx_word' id='word_1_82' title='bbox 56 1391 84 1435; x_wconf 89' lang='lat'><strong>10</strong></span> <span class='ocrx_word' id='word_1_83' title='bbox 105 1383 140 1435; x_wconf 93' lang='lat' dir='ltr'><strong>ut</strong></span> <span class='ocrx_word' id='word_1_84' title='bbox 168 1376 303 1434; x_wconf 83' lang='lat' dir='ltr'><strong>feminae</strong></span> <span class='ocrx_word' id='word_1_85' title='bbox 335 1376 509 1435; x_wconf 89' lang='lat' dir='ltr'><strong>intenditur</strong></span> <span class='ocrx_word' id='word_1_86' title='bbox 539 1376 673 1435; x_wconf 87' lang='lat' dir='ltr'><strong>arbitror</strong></span> <span class='ocrx_word' id='word_1_87' title='bbox 700 1380 947 1450; x_wconf 86' lang='lat' dir='ltr'><strong>consecuturum,</strong></span> <span class='ocrx_word' id='word_1_88' title='bbox 979 1377 1008 1437; x_wconf 91' lang='lat' dir='ltr'><strong>si</strong></span> <span class='ocrx_word' id='word_1_89' title='bbox 1035 1378 1106 1437; x_wconf 83' lang='lat' dir='ltr'><strong>haec</strong></span> 
     </span>
     <span class='ocr_line' id='line_1_12' title="bbox 105 1480 1108 1560; baseline 0.004 -21"><span class='ocrx_word' id='word_1_90' title='bbox 105 1482 213 1540; x_wconf 89' lang='lat' dir='ltr'><strong>eadem</strong></span> <span class='ocrx_word' id='word_1_91' title='bbox 233 1482 265 1539; x_wconf 90' lang='lat' dir='ltr'><strong>in</strong></span> <span class='ocrx_word' id='word_1_92' title='bbox 283 1481 413 1555; x_wconf 90' lang='lat' dir='ltr'><strong>actione,</strong></span> <span class='ocrx_word' id='word_1_93' title='bbox 429 1481 524 1540; x_wconf 90' lang='lat' dir='ltr'><strong>latius</strong></span> <span class='ocrx_word' id='word_1_94' title='bbox 544 1481 664 1541; x_wconf 87' lang='lat' dir='ltr'><strong>scilicet</strong></span> <span class='ocrx_word' id='word_1_95' title='bbox 683 1486 714 1540; x_wconf 87' lang='lat' dir='ltr'><strong>et</strong></span> <span class='ocrx_word' id='word_1_96' title='bbox 733 1480 859 1540; x_wconf 90' lang='lat' dir='ltr'><strong>uberius</strong></span> <span class='ocrx_word' id='word_1_97' title='bbox 878 1500 976 1557; x_wconf 90' lang='lat' dir='ltr'><strong>quam</strong></span> <span class='ocrx_word' id='word_1_98' title='bbox 995 1483 1108 1560; x_wconf 92' lang='lat' dir='ltr'><strong>epistu-</strong></span> 
     </span>
     <span class='ocr_line' id='line_1_13' title="bbox 105 1585 1107 1661; baseline 0.003 -16"><span class='ocrx_word' id='word_1_99' title='bbox 105 1587 205 1645; x_wconf 83' lang='lat' dir='ltr'><strong>larum</strong></span> <span class='ocrx_word' id='word_1_100' title='bbox 226 1586 389 1661; x_wconf 83' lang='lat' dir='ltr'><strong>angustiae</strong></span> <span class='ocrx_word' id='word_1_101' title='bbox 411 1586 528 1660; x_wconf 89' lang='lat' dir='ltr'><strong>sinunt,</strong></span> <span class='ocrx_word' id='word_1_102' title='bbox 550 1586 600 1644; x_wconf 90' lang='lat' dir='ltr'><strong>vel</strong></span> <span class='ocrx_word' id='word_1_103' title='bbox 625 1586 659 1645; x_wconf 89' lang='lat' dir='ltr'><strong>in</strong></span> <span class='ocrx_word' id='word_1_104' title='bbox 683 1585 916 1645; x_wconf 83' lang='lat' dir='ltr'><strong>excusationem</strong></span> <span class='ocrx_word' id='word_1_105' title='bbox 936 1587 991 1646; x_wconf 91' lang='lat' dir='ltr'><strong>vel</strong></span> <span class='ocrx_word' id='word_1_106' title='bbox 1017 1589 1107 1648; x_wconf 90' lang='lat' dir='ltr'><strong>etiam</strong></span> 
     </span>
     <span class='ocr_line' id='line_1_14' title="bbox 105 1691 790 1752; baseline 0.001 -3"><span class='ocrx_word' id='word_1_107' title='bbox 105 1692 404 1751; x_wconf 88' lang='lat' dir='ltr'><strong>commendationem</strong></span> <span class='ocrx_word' id='word_1_108' title='bbox 424 1709 524 1750; x_wconf 91' lang='lat' dir='ltr'><strong>meam</strong></span> <span class='ocrx_word' id='word_1_109' title='bbox 546 1691 660 1750; x_wconf 84' lang='lat' dir='ltr'><strong>dixero.</strong></span> <span class='ocrx_word' id='word_1_110' title='bbox 703 1691 790 1752; x_wconf 87' lang='lat' dir='ltr'><strong>Vale.</strong></span> 
     </span>
    </p>
   </div>
   <div class='ocr_carea' id='block_1_3' title="bbox 502 1902 704 1982">
    <p class='ocr_par' dir='ltr' id='par_1_5' title="bbox 502 1902 704 1982">
     <span class='ocr_line' id='line_1_15' title="bbox 502 1902 704 1982; baseline -0.025 -17"><span class='ocrx_word' id='word_1_111' title='bbox 502 1905 554 1965; x_wconf 82' lang='lat'><strong>51.</strong></span> <span class='ocrx_word' id='word_1_112' title='bbox 586 1902 704 1982; x_wconf 81' lang='lat' dir='ltr'><strong>(xix.)</strong></span> 
     </span>
    </p>
   </div>
   <div class='ocr_carea' id='block_1_4' title="bbox 179 2063 1043 2117">
    <p class='ocr_par' dir='ltr' id='par_1_6' title="bbox 179 2063 1043 2117">
     <span class='ocr_line' id='line_1_16' title="bbox 179 2063 1043 2117; baseline 0 -3"><span class='ocrx_word' id='word_1_113' title='bbox 179 2063 210 2114; x_wconf 89' lang='lat' dir='ltr'><strong>C.</strong></span> <span class='ocrx_word' id='word_1_114' title='bbox 234 2063 378 2113; x_wconf 87' lang='lat' dir='ltr'>PLINIUS</span> <span class='ocrx_word' id='word_1_115' title='bbox 401 2063 637 2113; x_wconf 80' lang='lat' dir='ltr'><strong>CALPURNIAE</strong></span> <span class='ocrx_word' id='word_1_116' title='bbox 662 2063 868 2114; x_wconf 84' lang='lat' dir='ltr'>HISPULLAE</span> <span class='ocrx_word' id='word_1_117' title='bbox 893 2064 992 2115; x_wconf 85' lang='lat' dir='ltr'>SUAE</span> <span class='ocrx_word' id='word_1_118' title='bbox 1018 2066 1043 2117; x_wconf 90' lang='lat' dir='ltr'><strong>S.</strong></span> 
     </span>
    </p>
   </div>
   <div class='ocr_carea' id='block_1_5' title="bbox 353 2199 858 2261">
    <p class='ocr_par' dir='ltr' id='par_1_7' title="bbox 353 2199 858 2261">
     <span class='ocr_line' id='line_1_17' title="bbox 353 2199 858 2261; baseline 0 -15"><span class='ocrx_word' id='word_1_119' title='bbox 353 2199 434 2259; x_wconf 72' lang='lat' dir='ltr'><strong>Pliny</strong></span> <span class='ocrx_word' id='word_1_120' title='bbox 441 2199 548 2259; x_wconf 69' lang='lat' dir='ltr'><strong>promes</strong></span> <span class='ocrx_word' id='word_1_121' title='bbox 560 2199 601 2247; x_wconf 78' lang='lat' dir='ltr'><strong>bis</strong></span> <span class='ocrx_word' id='word_1_122' title='bbox 613 2199 673 2261; x_wconf 57' lang='lat' dir='ltr'><strong>cotye</strong></span> <span class='ocrx_word' id='word_1_123' title='bbox 685 2204 712 2248; x_wconf 85' lang='lat' dir='ltr'><strong>to</strong></span> <span class='ocrx_word' id='word_1_124' title='bbox 725 2199 772 2248; x_wconf 78' lang='lat' dir='ltr'><strong>ter</strong></span> <span class='ocrx_word' id='word_1_125' title='bbox 783 2205 858 2249; x_wconf 80' lang='lat' dir='ltr'><strong>caat.</strong></span> 
     </span>
    </p>
   </div>
   <div class='ocr_carea' id='block_1_6' title="bbox 55 2330 1137 3781">
    <p class='ocr_par' dir='ltr' id='par_1_8' title="bbox 55 2330 1137 3781">
     <span class='ocr_line' id='line_1_18' title="bbox 145 2330 1133 2409; baseline 0.002 -18"><span class='ocrx_word' id='word_1_126' title='bbox 145 2333 223 2392; x_wconf 84' lang='lat' dir='ltr'><strong>Cum</strong></span> <span class='ocrx_word' id='word_1_127' title='bbox 253 2331 295 2390; x_wconf 86' lang='lat' dir='ltr'><strong>sis</strong></span> <span class='ocrx_word' id='word_1_128' title='bbox 319 2330 448 2407; x_wconf 89' lang='lat' dir='ltr'><strong>pietatis</strong></span> <span class='ocrx_word' id='word_1_129' title='bbox 477 2330 655 2406; x_wconf 86' lang='lat' dir='ltr'><strong>exemplum</strong></span> <span class='ocrx_word' id='word_1_130' title='bbox 679 2330 872 2408; x_wconf 85' lang='lat' dir='ltr'><strong>fratremque</strong></span> <span class='ocrx_word' id='word_1_131' title='bbox 894 2333 1053 2409; x_wconf 89' lang='lat' dir='ltr'><strong>optimum</strong></span> <span class='ocrx_word' id='word_1_132' title='bbox 1076 2338 1133 2393; x_wconf 85' lang='lat' dir='ltr'><strong>etl</strong></span> 
     </span>
     <span class='ocr_line' id='line_1_19' title="bbox 56 2434 1105 2514; baseline -0.001 -15"><span class='ocrx_word' id='word_1_133' title='bbox 56 2456 84 2499; x_wconf 86' lang='lat'><strong>15</strong></span> <span class='ocrx_word' id='word_1_134' title='bbox 104 2436 355 2496; x_wconf 88' lang='lat' dir='ltr'><strong>amantissimum</strong></span> <span class='ocrx_word' id='word_1_135' title='bbox 376 2436 424 2494; x_wconf 90' lang='lat' dir='ltr'><strong>tui</strong></span> <span class='ocrx_word' id='word_1_136' title='bbox 444 2435 513 2511; x_wconf 89' lang='lat' dir='ltr'><strong>pari</strong></span> <span class='ocrx_word' id='word_1_137' title='bbox 536 2435 668 2495; x_wconf 84' lang='lat' dir='ltr'><strong>caritate</strong></span> <span class='ocrx_word' id='word_1_138' title='bbox 691 2434 838 2496; x_wconf 84' lang='lat' dir='ltr'><strong>dilexeris</strong></span> <span class='ocrx_word' id='word_1_139' title='bbox 854 2435 1020 2514; x_wconf 89' lang='lat' dir='ltr'><strong>filiamque</strong></span> <span class='ocrx_word' id='word_1_140' title='bbox 1042 2438 1105 2498; x_wconf 89' lang='lat' dir='ltr'><strong>eius</strong></span> 
     </span>
     <span class='ocr_line' id='line_1_20' title="bbox 105 2540 1105 2615; baseline 0.002 -15"><span class='ocrx_word' id='word_1_141' title='bbox 105 2549 140 2600; x_wconf 89' lang='lat' dir='ltr'><strong>ut</strong></span> <span class='ocrx_word' id='word_1_142' title='bbox 154 2547 241 2600; x_wconf 89' lang='lat' dir='ltr'><strong>tuam</strong></span> <span class='ocrx_word' id='word_1_143' title='bbox 264 2541 378 2615; x_wconf 84' lang='lat' dir='ltr'><strong>diligas</strong></span> <span class='ocrx_word' id='word_1_144' title='bbox 401 2559 456 2599; x_wconf 91' lang='lat' dir='ltr'><strong>neo</strong></span> <span class='ocrx_word' id='word_1_145' title='bbox 479 2546 603 2599; x_wconf 88' lang='lat' dir='ltr'><strong>tantum</strong></span> <span class='ocrx_word' id='word_1_146' title='bbox 626 2540 740 2599; x_wconf 90' lang='lat' dir='ltr'><strong>amitae</strong></span> <span class='ocrx_word' id='word_1_147' title='bbox 762 2541 790 2600; x_wconf 91' lang='lat' dir='ltr'><strong>ei</strong></span> <span class='ocrx_word' id='word_1_148' title='bbox 813 2541 974 2600; x_wconf 88' lang='lat' dir='ltr'><strong>adfectum</strong></span> <span class='ocrx_word' id='word_1_149' title='bbox 997 2562 1105 2602; x_wconf 89' lang='lat' dir='ltr'><strong>verum</strong></span> 
     </span>
     <span class='ocr_line' id='line_1_21' title="bbox 105 2645 1105 2723; baseline 0.002 -18"><span class='ocrx_word' id='word_1_150' title='bbox 105 2647 200 2705; x_wconf 90' lang='lat' dir='ltr'><strong>etiam</strong></span> <span class='ocrx_word' id='word_1_151' title='bbox 214 2647 312 2723; x_wconf 91' lang='lat' dir='ltr'><strong>patris</strong></span> <span class='ocrx_word' id='word_1_152' title='bbox 328 2645 435 2705; x_wconf 85' lang='lat' dir='ltr'><strong>amissi</strong></span> <span class='ocrx_word' id='word_1_153' title='bbox 449 2651 671 2722; x_wconf 83' lang='lat' dir='ltr'><strong>repraesentes,</strong></span> <span class='ocrx_word' id='word_1_154' title='bbox 686 2665 749 2704; x_wconf 91' lang='lat' dir='ltr'><strong>non</strong></span> <span class='ocrx_word' id='word_1_155' title='bbox 771 2645 880 2706; x_wconf 88' lang='lat' dir='ltr'><strong>dubito</strong></span> <span class='ocrx_word' id='word_1_156' title='bbox 894 2647 1034 2706; x_wconf 81' lang='lat' dir='ltr'><strong>maximo</strong></span> <span class='ocrx_word' id='word_1_157' title='bbox 1048 2647 1105 2707; x_wconf 89' lang='lat' dir='ltr'><strong>tibi</strong></span> 
     </span>
     <span class='ocr_line' id='line_1_22' title="bbox 105 2750 1104 2828; baseline 0.001 -18"><span class='ocrx_word' id='word_1_158' title='bbox 105 2752 218 2826; x_wconf 88' lang='lat' dir='ltr'><strong>gaudio</strong></span> <span class='ocrx_word' id='word_1_159' title='bbox 243 2752 319 2824; x_wconf 82' lang='lat' dir='ltr'><strong>fore,</strong></span> <span class='ocrx_word' id='word_1_160' title='bbox 343 2769 413 2809; x_wconf 91' lang='lat' dir='ltr'><strong>cum</strong></span> <span class='ocrx_word' id='word_1_161' title='bbox 436 2751 616 2825; x_wconf 81' lang='lat' dir='ltr'><strong>cognoveris</strong></span> <span class='ocrx_word' id='word_1_162' title='bbox 636 2750 763 2825; x_wconf 87' lang='lat' dir='ltr'><strong>dignam</strong></span> <span class='ocrx_word' id='word_1_163' title='bbox 786 2756 884 2828; x_wconf 86' lang='lat' dir='ltr'><strong>patre,</strong></span> <span class='ocrx_word' id='word_1_164' title='bbox 907 2750 1038 2826; x_wconf 88' lang='lat' dir='ltr'><strong>dignam</strong></span> <span class='ocrx_word' id='word_1_165' title='bbox 1065 2758 1104 2825; x_wconf 89' lang='lat' dir='ltr'><strong>te,</strong></span> 
     </span>
     <span class='ocr_line' id='line_1_23' title="bbox 105 2854 1134 2931; baseline -0.004 -16"><span class='ocrx_word' id='word_1_166' title='bbox 105 2857 231 2931; x_wconf 89' lang='lat' dir='ltr'><strong>dignam</strong></span> <span class='ocrx_word' id='word_1_167' title='bbox 253 2875 311 2914; x_wconf 89' lang='lat' dir='ltr'><strong>avo</strong></span> <span class='ocrx_word' id='word_1_168' title='bbox 332 2855 470 2914; x_wconf 87' lang='lat' dir='ltr'><strong>evadere.</strong></span> <span class='ocrx_word' id='word_1_169' title='bbox 515 2854 674 2914; x_wconf 86' lang='lat' dir='ltr'><strong>Summum</strong></span> <span class='ocrx_word' id='word_1_170' title='bbox 692 2860 740 2913; x_wconf 87' lang='lat' dir='ltr'><strong>est</strong></span> <span class='ocrx_word' id='word_1_171' title='bbox 755 2873 892 2929; x_wconf 84' lang='lat' dir='ltr'><strong>acumen,</strong></span> <span class='ocrx_word' id='word_1_172' title='bbox 908 2874 1031 2916; x_wconf 91' lang='lat' dir='ltr'><strong>summa</strong></span> <span class='ocrx_word' id='word_1_173' title='bbox 1045 2858 1134 2916; x_wconf 73' lang='lat' dir='ltr'><strong>frua</strong></span> 
     </span>
     <span class='ocr_line' id='line_1_24' title="bbox 55 2960 1105 3038; baseline 0.001 -18"><span class='ocrx_word' id='word_1_174' title='bbox 55 2985 84 3028; x_wconf 83' lang='lat'><strong>20</strong></span> <span class='ocrx_word' id='word_1_175' title='bbox 105 2963 233 3038; x_wconf 88' lang='lat' dir='ltr'><strong>galitas:</strong></span> <span class='ocrx_word' id='word_1_176' title='bbox 256 2967 340 3020; x_wconf 88' lang='lat' dir='ltr'><strong>amat</strong></span> <span class='ocrx_word' id='word_1_177' title='bbox 355 2980 411 3034; x_wconf 90' lang='lat' dir='ltr'><strong>me,</strong></span> <span class='ocrx_word' id='word_1_178' title='bbox 427 2961 511 3037; x_wconf 89' lang='lat' dir='ltr'><strong>quod</strong></span> <span class='ocrx_word' id='word_1_179' title='bbox 530 2960 687 3019; x_wconf 88' lang='lat' dir='ltr'><strong>castitatis</strong></span> <span class='ocrx_word' id='word_1_180' title='bbox 701 2960 852 3019; x_wconf 88' lang='lat' dir='ltr'><strong>indicium</strong></span> <span class='ocrx_word' id='word_1_181' title='bbox 874 2965 929 3020; x_wconf 90' lang='lat' dir='ltr'><strong>est.</strong></span> <span class='ocrx_word' id='word_1_182' title='bbox 973 2961 1105 3021; x_wconf 87' lang='lat' dir='ltr'><strong>Accedit</strong></span> 
     </span>
     <span class='ocr_line' id='line_1_25' title="bbox 104 3064 1102 3145; baseline 0.002 -21"><span class='ocrx_word' id='word_1_183' title='bbox 104 3067 155 3126; x_wconf 88' lang='lat' dir='ltr'><strong>his</strong></span> <span class='ocrx_word' id='word_1_184' title='bbox 179 3066 317 3127; x_wconf 86' lang='lat' dir='ltr'><strong>studium</strong></span> <span class='ocrx_word' id='word_1_185' title='bbox 341 3065 525 3138; x_wconf 89' lang='lat' dir='ltr'><strong>litterarum,</strong></span> <span class='ocrx_word' id='word_1_186' title='bbox 548 3066 631 3142; x_wconf 90' lang='lat' dir='ltr'><strong>quod</strong></span> <span class='ocrx_word' id='word_1_187' title='bbox 654 3083 692 3123; x_wconf 84' lang='lat' dir='ltr'><strong>ex</strong></span> <span class='ocrx_word' id='word_1_188' title='bbox 716 3064 777 3124; x_wconf 90' lang='lat' dir='ltr'><strong>mei</strong></span> <span class='ocrx_word' id='word_1_189' title='bbox 800 3064 930 3125; x_wconf 88' lang='lat' dir='ltr'><strong>caritate</strong></span> <span class='ocrx_word' id='word_1_190' title='bbox 950 3067 1102 3145; x_wconf 85' lang='lat' dir='ltr'><strong>concepit</strong></span> 
     </span>
     <span class='ocr_line' id='line_1_26' title="bbox 105 3170 1136 3244; baseline -0.003 -14"><span class='ocrx_word' id='word_1_191' title='bbox 105 3174 192 3232; x_wconf 88' lang='lat' dir='ltr'><strong>Meos</strong></span> <span class='ocrx_word' id='word_1_192' title='bbox 221 3171 345 3231; x_wconf 91' lang='lat' dir='ltr'><strong>libellos</strong></span> <span class='ocrx_word' id='word_1_193' title='bbox 372 3171 476 3244; x_wconf 90' lang='lat' dir='ltr'><strong>habet,</strong></span> <span class='ocrx_word' id='word_1_194' title='bbox 505 3170 636 3244; x_wconf 88' lang='lat' dir='ltr'><strong>lectitat,</strong></span> <span class='ocrx_word' id='word_1_195' title='bbox 660 3170 772 3230; x_wconf 87' lang='lat' dir='ltr'><strong>ediscit</strong></span> <span class='ocrx_word' id='word_1_196' title='bbox 799 3170 902 3229; x_wconf 90' lang='lat' dir='ltr'><strong>etiam.</strong></span> <span class='ocrx_word' id='word_1_197' title='bbox 953 3170 1023 3241; x_wconf 81' lang='lat' dir='ltr'><strong>Qua</strong></span> <span class='ocrx_word' id='word_1_198' title='bbox 1050 3171 1136 3232; x_wconf 77' lang='lat' dir='ltr'><strong>illas</strong></span> 
     </span>
     <span class='ocr_line' id='line_1_27' title="bbox 105 3275 1105 3353; baseline 0 -16"><span class='ocrx_word' id='word_1_199' title='bbox 105 3277 326 3350; x_wconf 86' lang='lat' dir='ltr'><strong>sollicitudine,</strong></span> <span class='ocrx_word' id='word_1_200' title='bbox 338 3296 408 3336; x_wconf 88' lang='lat' dir='ltr'><strong>cum</strong></span> <span class='ocrx_word' id='word_1_201' title='bbox 424 3277 530 3334; x_wconf 89' lang='lat' dir='ltr'><strong>videor</strong></span> <span class='ocrx_word' id='word_1_202' title='bbox 545 3281 679 3350; x_wconf 90' lang='lat' dir='ltr'><strong>acturus,</strong></span> <span class='ocrx_word' id='word_1_203' title='bbox 695 3281 821 3352; x_wconf 87' lang='lat' dir='ltr'><strong>quanto,</strong></span> <span class='ocrx_word' id='word_1_204' title='bbox 836 3294 905 3334; x_wconf 86' lang='lat' dir='ltr'><strong>curn</strong></span> <span class='ocrx_word' id='word_1_205' title='bbox 919 3275 979 3352; x_wconf 87' lang='lat' dir='ltr'><strong>egi,</strong></span> <span class='ocrx_word' id='word_1_206' title='bbox 992 3277 1105 3353; x_wconf 87' lang='lat' dir='ltr'><strong>gaudio</strong></span> 
     </span>
     <span class='ocr_line' id='line_1_28' title="bbox 104 3380 1104 3458; baseline -0.002 -16"><span class='ocrx_word' id='word_1_207' title='bbox 104 3382 265 3442; x_wconf 79' lang='lat' dir='ltr'><strong>adficitur!</strong></span> <span class='ocrx_word' id='word_1_208' title='bbox 308 3382 456 3458; x_wconf 88' lang='lat' dir='ltr'><strong>Disponit</strong></span> <span class='ocrx_word' id='word_1_209' title='bbox 483 3381 537 3458; x_wconf 89' lang='lat' dir='ltr'><strong>qui</strong></span> <span class='ocrx_word' id='word_1_210' title='bbox 560 3380 706 3439; x_wconf 89' lang='lat' dir='ltr'><strong>nuntient</strong></span> <span class='ocrx_word' id='word_1_211' title='bbox 729 3380 790 3440; x_wconf 91' lang='lat' dir='ltr'><strong>sibi</strong></span> <span class='ocrx_word' id='word_1_212' title='bbox 813 3398 905 3457; x_wconf 92' lang='lat' dir='ltr'><strong>quem</strong></span> <span class='ocrx_word' id='word_1_213' title='bbox 926 3380 1104 3457; x_wconf 89' lang='lat' dir='ltr'><strong>adsensum,</strong></span> 
     </span>
     <span class='ocr_line' id='line_1_29' title="bbox 55 3485 1103 3565; baseline -0.005 -13"><span class='ocrx_word' id='word_1_214' title='bbox 55 3506 84 3552; x_wconf 78' lang='lat'><strong>25</strong></span> <span class='ocrx_word' id='word_1_215' title='bbox 104 3507 181 3565; x_wconf 90' lang='lat' dir='ltr'><strong>quos</strong></span> <span class='ocrx_word' id='word_1_216' title='bbox 197 3488 346 3548; x_wconf 86' lang='lat' dir='ltr'><strong>clamores</strong></span> <span class='ocrx_word' id='word_1_217' title='bbox 361 3487 533 3561; x_wconf 83' lang='lat' dir='ltr'><strong>excitarim,</strong></span> <span class='ocrx_word' id='word_1_218' title='bbox 549 3506 641 3563; x_wconf 92' lang='lat' dir='ltr'><strong>quem</strong></span> <span class='ocrx_word' id='word_1_219' title='bbox 664 3491 810 3548; x_wconf 87' lang='lat' dir='ltr'><strong>eventum</strong></span> <span class='ocrx_word' id='word_1_220' title='bbox 833 3485 943 3545; x_wconf 89' lang='lat' dir='ltr'><strong>iudicii</strong></span> <span class='ocrx_word' id='word_1_221' title='bbox 964 3487 1103 3547; x_wconf 89' lang='lat' dir='ltr'><strong>tulerim.</strong></span> 
     </span>
     <span class='ocr_line' id='line_1_30' title="bbox 104 3591 1106 3670; baseline 0.002 -19"><span class='ocrx_word' id='word_1_222' title='bbox 104 3593 231 3667; x_wconf 80' lang='lat' dir='ltr'><strong>Eadem,</strong></span> <span class='ocrx_word' id='word_1_223' title='bbox 248 3593 414 3670; x_wconf 85' lang='lat' dir='ltr'><strong>siquando</strong></span> <span class='ocrx_word' id='word_1_224' title='bbox 435 3593 539 3665; x_wconf 87' lang='lat' dir='ltr'><strong>recito,</strong></span> <span class='ocrx_word' id='word_1_225' title='bbox 555 3592 588 3650; x_wconf 90' lang='lat' dir='ltr'><strong>in</strong></span> <span class='ocrx_word' id='word_1_226' title='bbox 603 3591 744 3668; x_wconf 84' lang='lat' dir='ltr'><strong>proximo</strong></span> <span class='ocrx_word' id='word_1_227' title='bbox 766 3591 902 3651; x_wconf 88' lang='lat' dir='ltr'><strong>discreta</strong></span> <span class='ocrx_word' id='word_1_228' title='bbox 921 3591 994 3650; x_wconf 88' lang='lat' dir='ltr'><strong>velo</strong></span> <span class='ocrx_word' id='word_1_229' title='bbox 1017 3594 1106 3653; x_wconf 89' lang='lat' dir='ltr'><strong>sedet</strong></span> 
     </span>
     <span class='ocr_line' id='line_1_31' title="bbox 104 3696 1137 3781; baseline 0.001 -21"><span class='ocrx_word' id='word_1_230' title='bbox 104 3697 273 3781; x_wconf 86' lang='lat' dir='ltr'><strong>laudesque</strong></span> <span class='ocrx_word' id='word_1_231' title='bbox 301 3703 424 3764; x_wconf 81' lang='lat' dir='ltr'><strong>nostras</strong></span> <span class='ocrx_word' id='word_1_232' title='bbox 447 3696 639 3761; x_wconf 81' lang='lat' dir='ltr'><strong>avidissimis</strong></span> <span class='ocrx_word' id='word_1_233' title='bbox 663 3697 789 3760; x_wconf 86' lang='lat' dir='ltr'><strong>auribus</strong></span> <span class='ocrx_word' id='word_1_234' title='bbox 817 3696 942 3778; x_wconf 82' lang='lat' dir='ltr'><strong>excipit.</strong></span> <span class='ocrx_word' id='word_1_235' title='bbox 984 3697 1137 3762; x_wconf 72' lang='lat' dir='ltr'><strong>Versuss</strong></span> 
     </span>
    </p>
   </div>
   <div class='ocr_carea' id='block_1_7' title="bbox 0 0 1336 4170">
    <p class='ocr_par' dir='ltr' id='par_1_9' title="bbox 0 0 1336 4170">
     <span class='ocr_line' id='line_1_32' title="bbox 0 0 1336 4170; baseline 0 1"><span class='ocrx_word' id='word_1_236' title='bbox 0 0 1336 4170; x_wconf 95' lang='lat' dir='ltr'><strong> </strong></span> 
     </span>
    </p>
   </div>
  </div>
 </body>
</html>
