2664 4170
492 270 752 321 EPISTULARUM
776 272 829 321 111.
847 272 871 324 5.

590 515 643 577 ar„
673 514 739 595 (v.)

352 673 382 723 C.
408 673 553 724 PLINIUS
576 674 713 724 BAEBIO
735 674 864 725 MACRO
888 675 955 727 SUO
979 677 1006 728 S.

468 821 521 871 Tlrr
533 822 619 873 rores
631 823 663 884 os
671 823 712 872 tlre
725 823 796 872 elder
808 823 900 884 Pliny.

137 978 153 1023 1
217 966 402 1041 Pergratum
418 971 466 1025 est
476 965 556 1024 mihi
567 966 651 1042 quod
664 970 730 1025 tam
742 966 911 1042 diligenter
925 966 1020 1028 libros
1032 970 1180 1028 avunculi

175 1071 239 1130 mei
260 1070 383 1130 lectitas
405 1075 441 1129 ut
461 1070 576 1130 habere
597 1089 703 1131 omnes
725 1071 803 1131 velis
825 1090 1020 1150 quaerasque
1039 1074 1093 1151 qui
1115 1074 1180 1135 sint

139 1183 292 1236 2omnes.
335 1177 462 1251 Fungar
483 1174 597 1236 indicis
619 1177 762 1254 partibus
784 1183 879 1254 atque
902 1177 997 1237 etiam
1026 1198 1087 1256 quo
1115 1180 1180 1240 sint

175 1281 285 1341 ordine
307 1280 417 1358 scripti
438 1287 547 1340 notum
568 1280 628 1340 tibi
649 1281 780 1341 faciam:
804 1288 852 1342 est
865 1282 949 1341 enim
964 1282 1041 1342 haec
1056 1303 1179 1363 quoque

139 1392 156 1437 3
176 1385 327 1446 studiosis
342 1404 404 1444 non
418 1385 590 1445 iniucunda
608 1386 753 1461 cognitio,
791 1392 798 1422 ‘
808 1388 855 1446 De
872 1387 1060 1447 iaculatione
1075 1408 1180 1466 eques·
1199 1405 1214 1450 5

175 1492 219 1551 tri
245 1493 362 1552 unns’:
394 1492 486 1566 hune,
520 1510 589 1550 cum
623 1492 801 1568 praefectus
829 1493 897 1552 alae
925 1494 1085 1570 militaret,
1110 1496 1179 1572 pari

176 1597 302 1672 ingenio
323 1615 458 1674 curaque
479 1597 652 1674 conposuit.
697 1598 760 1656 ‘De
781 1598 848 1657 vita
868 1599 1022 1675 Pomponi
1045 1601 1179 1660 Secundi

176 1702 271 1777 duo’3
304 1720 408 1780 aquo
432 1702 635 1778 singulariter
660 1708 782 1762 amatus
809 1702 868 1762 hoe
892 1705 1059 1764 memoriae
1087 1707 1179 1765 amici

138 1808 268 1886 equasi
295 1807 436 1867 debitum
463 1827 576 1868 munus
602 1808 746 1868 exsolvit.
791 1809 968 1867 ‘Bellorum
993 1812 1178 1872 Germaniae

175 1914 326 1989 viginti'3
351 1914 464 1991 quibus
492 1914 598 1972 omnia
624 1933 704 1990 quae
732 1933 804 1972 cum
832 1915 997 1974 Germanis
1025 1917 1178 1990 gessimus
1199 1933 1228 1978 10

175 2019 261 2079 bella
284 2018 418 2094 collegit.
462 2018 637 2093 Incohavit,
663 2037 734 2078 cum
758 2019 792 2076 in
821 2020 991 2079 Germania
1017 2021 1178 2097 militaret,

176 2124 297 2184 somnio
320 2124 474 2184 monitus:
507 2124 631 2183 adstitit
659 2124 688 2182 ei
717 2124 891 2200 quiescenti
918 2125 1014 2184 Drusi
1042 2127 1179 2186 Neronis

176 2228 303 2306 effigies,
325 2229 380 2307 qni
402 2228 590 2290 Germaniae
612 2228 765 2288 latissime
787 2229 888 2287 victor
910 2229 954 2288 ibi
976 2231 1078 2307 periit,
1101 2250 1180 2290 com-

175 2334 344 2394 mendabat
372 2334 550 2393 memoriam
581 2353 667 2393 suam
698 2335 868 2411 orabatque
892 2340 928 2393 ut
949 2353 982 2394 se
1003 2337 1042 2394 ab
1063 2336 1180 2396 iniuria

137 2451 154 2495 5
176 2439 345 2499 oblivionis
370 2440 534 2499 adsereret.
590 2439 747 2498 ‘Studiosi
774 2439 858 2513 tres,'
881 2439 915 2497 in
940 2459 994 2499 sex
1018 2441 1179 2502 volumina
1200 2457 1228 2501 15

175 2551 305 2622 propter
322 2544 563 2622 amplitudinem
581 2543 685 2618 divisi,
702 2544 815 2621 quibus
834 2550 987 2603 oratorem
1002 2546 1041 2605 ab
1055 2546 1180 2606 incuria

175 2650 259 2710 bulis
279 2650 421 2710 institnit
438 2655 470 2709 et
490 2649 621 2726 perficit.
665 2650 779 2708 ‘Dubii
794 2650 944 2709 sermonis
960 2652 1046 2710 oct0⁷
1056 2675 1062 2709 :
1086 2653 1180 2730 scrip

176 2757 219 2816 sit
247 2756 306 2815 sub
325 2756 450 2815 Nerone
475 2754 655 2814 novissimis
678 2754 778 2828 annia,
800 2773 871 2812 cum
893 2773 983 2813 omne
1005 2757 1178 2816 studiorum

176 2880 274 2938 genus
289 2861 383 2938 paulo
397 2861 526 2921 liberius
542 2865 573 2919 et
595 2859 728 2919 erectius
749 2860 957 2936 periculosum
980 2862 1115 2922 servitus
1136 2863 1180 2921 ie-

136 2967 279 3027 scisset.
324 2967 370 3024 ‘A
391 2966 454 3025 fine
475 2965 583 3024 Aufidi
607 2966 698 3024 Bassi
724 2964 855 3039 triginta
878 2967 978 3025 unus!
1022 2969 1179 3027 ‘Naturae
1199 2985 1228 3028 20

175 3071 378 3131 historiarum
407 3071 539 3146 triginta
561 3070 700 3147 septem,'
722 3088 800 3146 opus
829 3070 988 3145 diffusum,
1011 3073 1177 3149 eruditum,

136 3187 153 3232 ‘1
175 3195 234 3236 nec
254 3176 359 3237 minus
372 3176 493 3236 varium
510 3194 603 3252 quam
625 3175 695 3251 ipsa
715 3182 835 3233 natura.
878 3176 1005 3236 Miraris
1027 3178 1111 3254 quod
1132 3185 1179 3238 tot

176 3282 338 3342 volumina
351 3281 511 3358 multaque
526 3281 559 3338 in
573 3281 623 3339 his
638 3286 702 3339 tam
715 3280 898 3357 scrupulosa
908 3281 999 3340 homo
1011 3289 1179 3360 occupatus

177 3386 377 3448 absolverit?
399 3387 499 3461 magis
519 3386 689 3459 miraberis,
706 3384 732 3444 si
755 3385 861 3444 scieris
883 3386 974 3444 illum
995 3387 1180 3464 aliquandiu

176 3511 288 3552 causas
303 3493 458 3566 actitasse,
471 3491 641 3551 decessisse
653 3509 734 3549 anno
750 3495 838 3549 sexto
860 3497 891 3550 et
912 3484 1179 3569 quinquagesimo,
1200 3513 1229 3558 25

177 3597 318 3657 medium
327 3603 451 3675 tempus
463 3597 635 3656 distentum
647 3595 893 3672 impeditumque
905 3615 967 3673 qua
978 3597 1086 3658 officiis
1098 3618 1181 3658 max-

139 3720 156 3766 8
177 3703 329 3781 imisque
342 3703 481 3764 amicitia
495 3703 673 3780 principum
690 3700 798 3777 egisse.
843 3701 904 3760 Sed
923 3708 991 3761 erat
1010 3721 1080 3763 aere
1098 3704 1182 3781 inge
