<?xml version="1.0" encoding="UTF-8"?>
<!DOCTYPE html PUBLIC "-//W3C//DTD XHTML 1.0 Transitional//EN"
    "http://www.w3.org/TR/xhtml1/DTD/xhtml1-transitional.dtd">
<html xmlns="http://www.w3.org/1999/xhtml" xml:lang="en" lang="en">
 <head>
  <title>
</title>
<meta http-equiv="Content-Type" content="text/html;charset=utf-8" />
  <meta name='ocr-system' content='tesseract 3.04.00' />
  <meta name='ocr-capabilities' content='ocr_page ocr_carea ocr_par ocr_line ocrx_word'/>
</head>
<body>
  <div class='ocr_page' id='page_1' title='image "./cplinisecundiep02plingoog_0151.png"; bbox 0 0 2664 4170; ppageno 0'>
   <div class='ocr_carea' id='block_1_1' title="bbox 476 838 885 907">
    <p class='ocr_par' dir='ltr' id='par_1_1' title="bbox 476 838 885 907">
     <span class='ocr_line' id='line_1_1' title="bbox 476 838 885 907; baseline 0.01 -5"><span class='ocrx_word' id='word_1_1' title='bbox 476 838 618 905; x_wconf 87' lang='lat' dir='ltr'>LIBER</span> <span class='ocrx_word' id='word_1_2' title='bbox 649 839 885 907; x_wconf 82' lang='lat' dir='ltr'><strong>OCTAVUS.</strong></span> 
     </span>
    </p>
   </div>
   <div class='ocr_carea' id='block_1_2' title="bbox 419 1057 952 1272">
    <p class='ocr_par' dir='ltr' id='par_1_2' title="bbox 419 1057 952 1272">
     <span class='ocr_line' id='line_1_2' title="bbox 604 1057 760 1140; baseline 0.058 -9"><span class='ocrx_word' id='word_1_3' title='bbox 604 1059 657 1131; x_wconf 67' lang='lat'>,⁸³</span> <span class='ocrx_word' id='word_1_4' title='bbox 686 1057 760 1140; x_wconf 87' lang='lat'>(11.)</span> 
     </span>
     <span class='ocr_line' id='line_1_3' title="bbox 419 1217 952 1272; baseline 0.008 -4"><span class='ocrx_word' id='word_1_5' title='bbox 419 1217 448 1268; x_wconf 90' lang='lat' dir='ltr'>c.</span> <span class='ocrx_word' id='word_1_6' title='bbox 474 1218 617 1269; x_wconf 81' lang='lat' dir='ltr'>rnnuus</span> <span class='ocrx_word' id='word_1_7' title='bbox 640 1218 811 1271; x_wconf 76' lang='lat' dir='ltr'>cnnvrsro</span> <span class='ocrx_word' id='word_1_8' title='bbox 834 1219 902 1271; x_wconf 86' lang='lat' dir='ltr'>sno</span> <span class='ocrx_word' id='word_1_9' title='bbox 926 1221 952 1272; x_wconf 83' lang='lat' dir='ltr'>a.</span> 
     </span>
    </p>
   </div>
   <div class='ocr_carea' id='block_1_3' title="bbox 184 1363 1181 1520">
    <p class='ocr_par' dir='ltr' id='par_1_3' title="bbox 184 1363 1181 1520">
     <span class='ocr_line' id='line_1_4' title="bbox 184 1363 1181 1433; baseline 0.009 -21"><span class='ocrx_word' id='word_1_10' title='bbox 184 1363 253 1413; x_wconf 85' lang='lat' dir='ltr'>How</span> <span class='ocrx_word' id='word_1_11' title='bbox 265 1364 347 1426; x_wconf 74' lang='lat' dir='ltr'>Pliny</span> <span class='ocrx_word' id='word_1_12' title='bbox 358 1365 455 1414; x_wconf 79' lang='lat' dir='ltr'>shored</span> <span class='ocrx_word' id='word_1_13' title='bbox 466 1365 508 1414; x_wconf 75' lang='lat' dir='ltr'>tho</span> <span class='ocrx_word' id='word_1_14' title='bbox 521 1366 575 1414; x_wconf 77' lang='lat' dir='ltr'>loos</span> <span class='ocrx_word' id='word_1_15' title='bbox 586 1366 650 1415; x_wconf 76' lang='lat' dir='ltr'>with</span> <span class='ocrx_word' id='word_1_16' title='bbox 662 1366 705 1416; x_wconf 75' lang='lat' dir='ltr'>the</span> <span class='ocrx_word' id='word_1_17' title='bbox 718 1367 811 1428; x_wconf 61' lang='lat' dir='ltr'>bucera</span> <span class='ocrx_word' id='word_1_18' title='bbox 823 1368 856 1430; x_wconf 86' lang='lat' dir='ltr'>os</span> <span class='ocrx_word' id='word_1_19' title='bbox 868 1368 911 1417; x_wconf 78' lang='lat' dir='ltr'>bie</span> <span class='ocrx_word' id='word_1_20' title='bbox 922 1369 1047 1433; x_wconf 77' lang='lat' dir='ltr'>oiotooea</span> <span class='ocrx_word' id='word_1_21' title='bbox 1059 1371 1133 1421; x_wconf 74' lang='lat' dir='ltr'>when</span> <span class='ocrx_word' id='word_1_22' title='bbox 1144 1371 1181 1421; x_wconf 76' lang='lat' dir='ltr'>tto</span> 
     </span>
     <span class='ocr_line' id='line_1_5' title="bbox 603 1458 766 1520; baseline 0.012 -14"><span class='ocrx_word' id='word_1_23' title='bbox 603 1471 665 1519; x_wconf 82' lang='lat' dir='ltr'>crop</span> <span class='ocrx_word' id='word_1_24' title='bbox 671 1458 766 1520; x_wconf 80' lang='lat' dir='ltr'>sailed.</span> 
     </span>
    </p>
   </div>
   <div class='ocr_carea' id='block_1_4' title="bbox 135 1601 1220 3784">
    <p class='ocr_par' dir='ltr' id='par_1_4' title="bbox 183 1601 1213 1998">
     <span class='ocr_line' id='line_1_6' title="bbox 223 1601 1209 1684; baseline 0.007 -24"><span class='ocrx_word' id='word_1_25' title='bbox 223 1601 291 1661; x_wconf 88' lang='lat' dir='ltr'>Alii</span> <span class='ocrx_word' id='word_1_26' title='bbox 318 1601 352 1660; x_wconf 92' lang='lat' dir='ltr'>in</span> <span class='ocrx_word' id='word_1_27' title='bbox 378 1601 508 1678; x_wconf 89' lang='lat' dir='ltr'>praedia</span> <span class='ocrx_word' id='word_1_28' title='bbox 535 1620 592 1661; x_wconf 89' lang='lat' dir='ltr'>sua</span> <span class='ocrx_word' id='word_1_29' title='bbox 625 1601 873 1679; x_wconf 88' lang='lat' dir='ltr'>proficiscuntur,</span> <span class='ocrx_word' id='word_1_30' title='bbox 902 1609 939 1664; x_wconf 91' lang='lat' dir='ltr'>ut</span> <span class='ocrx_word' id='word_1_31' title='bbox 966 1604 1209 1684; x_wconf 85' lang='lat' dir='ltr'>locupletioresl</span> 
     </span>
     <span class='ocr_line' id='line_1_7' title="bbox 183 1708 1184 1785; baseline 0.005 -18"><span class='ocrx_word' id='word_1_32' title='bbox 183 1713 389 1782; x_wconf 78' lang='lat' dir='ltr'>revertantur,</span> <span class='ocrx_word' id='word_1_33' title='bbox 415 1726 480 1783; x_wconf 85' lang='lat' dir='ltr'>ego,</span> <span class='ocrx_word' id='word_1_34' title='bbox 502 1713 538 1766; x_wconf 91' lang='lat' dir='ltr'>ut</span> <span class='ocrx_word' id='word_1_35' title='bbox 560 1708 734 1785; x_wconf 86' lang='lat' dir='ltr'>pauperior.</span> <span class='ocrx_word' id='word_1_36' title='bbox 777 1709 990 1770; x_wconf 86' lang='lat' dir='ltr'>Vendideram</span> <span class='ocrx_word' id='word_1_37' title='bbox 1013 1713 1184 1772; x_wconf 81' lang='lat' dir='ltr'>vindemias</span> 
     </span>
     <span class='ocr_line' id='line_1_8' title="bbox 184 1813 1184 1895; baseline 0.004 -22"><span class='ocrx_word' id='word_1_38' title='bbox 184 1814 328 1873; x_wconf 78' lang='lat' dir='ltr'>certatim</span> <span class='ocrx_word' id='word_1_39' title='bbox 352 1813 597 1888; x_wconf 83' lang='lat' dir='ltr'>negotiatoribus</span> <span class='ocrx_word' id='word_1_40' title='bbox 621 1814 803 1875; x_wconf 89' lang='lat' dir='ltr'>ementibus.</span> <span class='ocrx_word' id='word_1_41' title='bbox 854 1814 1019 1876; x_wconf 85' lang='lat' dir='ltr'>Invitabat</span> <span class='ocrx_word' id='word_1_42' title='bbox 1043 1817 1184 1895; x_wconf 86' lang='lat' dir='ltr'>pretium,</span> 
     </span>
     <span class='ocr_line' id='line_1_9' title="bbox 184 1918 1213 1998; baseline 0.009 -21"><span class='ocrx_word' id='word_1_43' title='bbox 184 1925 217 1978; x_wconf 90' lang='lat' dir='ltr'>et</span> <span class='ocrx_word' id='word_1_44' title='bbox 244 1918 328 1995; x_wconf 92' lang='lat' dir='ltr'>qnod</span> <span class='ocrx_word' id='word_1_45' title='bbox 355 1924 430 1977; x_wconf 88' lang='lat' dir='ltr'>tunc</span> <span class='ocrx_word' id='word_1_46' title='bbox 457 1924 490 1977; x_wconf 96' lang='lat' dir='ltr'>et</span> <span class='ocrx_word' id='word_1_47' title='bbox 517 1918 600 1995; x_wconf 91' lang='lat' dir='ltr'>quod</span> <span class='ocrx_word' id='word_1_48' title='bbox 629 1918 696 1978; x_wconf 87' lang='lat' dir='ltr'>fore</span> <span class='ocrx_word' id='word_1_49' title='bbox 721 1918 894 1980; x_wconf 89' lang='lat' dir='ltr'>videbatur.</span> <span class='ocrx_word' id='word_1_50' title='bbox 951 1921 1031 1998; x_wconf 86' lang='lat' dir='ltr'>Spes</span> <span class='ocrx_word' id='word_1_51' title='bbox 1059 1922 1213 1986; x_wconf 78' lang='lat' dir='ltr'>fefellitr</span> 
     </span>
    </p>

    <p class='ocr_par' dir='ltr' id='par_1_5' title="bbox 149 2023 1217 2526">
     <span class='ocr_line' id='line_1_10' title="bbox 149 2023 1187 2102; baseline 0.009 -24"><span class='ocrx_word' id='word_1_52' title='bbox 149 2035 164 2078; x_wconf 80' lang='lat' dir='ltr'>o</span> <span class='ocrx_word' id='word_1_53' title='bbox 183 2025 262 2083; x_wconf 84' lang='lat' dir='ltr'>Erat</span> <span class='ocrx_word' id='word_1_54' title='bbox 284 2023 465 2100; x_wconf 84' lang='lat' dir='ltr'>expeditum</span> <span class='ocrx_word' id='word_1_55' title='bbox 490 2023 632 2082; x_wconf 92' lang='lat' dir='ltr'>omnibus</span> <span class='ocrx_word' id='word_1_56' title='bbox 656 2023 816 2084; x_wconf 87' lang='lat' dir='ltr'>remittere</span> <span class='ocrx_word' id='word_1_57' title='bbox 839 2024 1023 2102; x_wconf 86' lang='lat' dir='ltr'>aequaliter,</span> <span class='ocrx_word' id='word_1_58' title='bbox 1048 2028 1104 2087; x_wconf 93' lang='lat' dir='ltr'>sed</span> <span class='ocrx_word' id='word_1_59' title='bbox 1127 2047 1187 2087; x_wconf 91' lang='lat' dir='ltr'>non</span> 
     </span>
     <span class='ocr_line' id='line_1_11' title="bbox 185 2128 1187 2207; baseline 0.002 -19"><span class='ocrx_word' id='word_1_60' title='bbox 185 2130 262 2189; x_wconf 89' lang='lat' dir='ltr'>satis</span> <span class='ocrx_word' id='word_1_61' title='bbox 284 2147 397 2188; x_wconf 90' lang='lat' dir='ltr'>aecum.</span> <span class='ocrx_word' id='word_1_62' title='bbox 449 2128 531 2187; x_wconf 92' lang='lat' dir='ltr'>Mihi</span> <span class='ocrx_word' id='word_1_63' title='bbox 552 2134 657 2187; x_wconf 90' lang='lat' dir='ltr'>autem</span> <span class='ocrx_word' id='word_1_64' title='bbox 677 2128 835 2204; x_wconf 85' lang='lat' dir='ltr'>egregium</span> <span class='ocrx_word' id='word_1_65' title='bbox 858 2129 892 2189; x_wconf 91' lang='lat' dir='ltr'>in</span> <span class='ocrx_word' id='word_1_66' title='bbox 916 2129 1029 2207; x_wconf 87' lang='lat' dir='ltr'>primis</span> <span class='ocrx_word' id='word_1_67' title='bbox 1053 2132 1187 2207; x_wconf 88' lang='lat' dir='ltr'>videtur,</span> 
     </span>
     <span class='ocr_line' id='line_1_12' title="bbox 183 2234 1187 2312; baseline 0.005 -19"><span class='ocrx_word' id='word_1_68' title='bbox 183 2239 219 2293; x_wconf 91' lang='lat' dir='ltr'>ut</span> <span class='ocrx_word' id='word_1_69' title='bbox 233 2234 311 2293; x_wconf 86' lang='lat' dir='ltr'>foris</span> <span class='ocrx_word' id='word_1_70' title='bbox 326 2234 372 2293; x_wconf 89' lang='lat' dir='ltr'>ita</span> <span class='ocrx_word' id='word_1_71' title='bbox 387 2234 478 2307; x_wconf 92' lang='lat' dir='ltr'>domi,</span> <span class='ocrx_word' id='word_1_72' title='bbox 496 2238 532 2292; x_wconf 94' lang='lat' dir='ltr'>ut</span> <span class='ocrx_word' id='word_1_73' title='bbox 549 2234 582 2291; x_wconf 90' lang='lat' dir='ltr'>in</span> <span class='ocrx_word' id='word_1_74' title='bbox 597 2234 720 2308; x_wconf 88' lang='lat' dir='ltr'>magnis</span> <span class='ocrx_word' id='word_1_75' title='bbox 735 2234 781 2293; x_wconf 92' lang='lat' dir='ltr'>ita</span> <span class='ocrx_word' id='word_1_76' title='bbox 795 2234 829 2293; x_wconf 92' lang='lat' dir='ltr'>in</span> <span class='ocrx_word' id='word_1_77' title='bbox 846 2234 960 2312; x_wconf 86' lang='lat' dir='ltr'>parvis,</span> <span class='ocrx_word' id='word_1_78' title='bbox 976 2242 1012 2295; x_wconf 91' lang='lat' dir='ltr'>ut</span> <span class='ocrx_word' id='word_1_79' title='bbox 1027 2236 1062 2295; x_wconf 92' lang='lat' dir='ltr'>in</span> <span class='ocrx_word' id='word_1_80' title='bbox 1076 2237 1187 2298; x_wconf 89' lang='lat' dir='ltr'>alienis</span> 
     </span>
     <span class='ocr_line' id='line_1_13' title="bbox 184 2338 1187 2420; baseline 0.004 -21"><span class='ocrx_word' id='word_1_81' title='bbox 184 2341 230 2399; x_wconf 90' lang='lat' dir='ltr'>ita</span> <span class='ocrx_word' id='word_1_82' title='bbox 253 2339 287 2398; x_wconf 92' lang='lat' dir='ltr'>in</span> <span class='ocrx_word' id='word_1_83' title='bbox 312 2339 386 2412; x_wconf 90' lang='lat' dir='ltr'>suis,</span> <span class='ocrx_word' id='word_1_84' title='bbox 411 2339 529 2412; x_wconf 84' lang='lat' dir='ltr'>agitare</span> <span class='ocrx_word' id='word_1_85' title='bbox 558 2338 720 2398; x_wconf 89' lang='lat' dir='ltr'>iustitiam.</span> <span class='ocrx_word' id='word_1_86' title='bbox 776 2340 860 2399; x_wconf 87' lang='lat' dir='ltr'>Nam</span> <span class='ocrx_word' id='word_1_87' title='bbox 885 2341 912 2400; x_wconf 89' lang='lat' dir='ltr'>si</span> <span class='ocrx_word' id='word_1_88' title='bbox 936 2341 1026 2418; x_wconf 90' lang='lat' dir='ltr'>paria</span> <span class='ocrx_word' id='word_1_89' title='bbox 1051 2349 1187 2420; x_wconf 76' lang='lat' dir='ltr'>pearata,</span> 
     </span>
     <span class='ocr_line' id='line_1_14' title="bbox 184 2444 1217 2526; baseline 0.004 -22"><span class='ocrx_word' id='word_1_90' title='bbox 184 2444 275 2522; x_wconf 84' lang='lat' dir='ltr'>pares</span> <span class='ocrx_word' id='word_1_91' title='bbox 301 2445 395 2504; x_wconf 89' lang='lat' dir='ltr'>etiam</span> <span class='ocrx_word' id='word_1_92' title='bbox 420 2444 537 2503; x_wconf 91' lang='lat' dir='ltr'>laudes.</span> <span class='ocrx_word' id='word_1_93' title='bbox 588 2444 700 2520; x_wconf 91' lang='lat' dir='ltr'>Itaque</span> <span class='ocrx_word' id='word_1_94' title='bbox 725 2445 868 2505; x_wconf 89' lang='lat' dir='ltr'>omnibus</span> <span class='ocrx_word' id='word_1_95' title='bbox 893 2446 1030 2522; x_wconf 90' lang='lat' dir='ltr'>quidem,</span> <span class='ocrx_word' id='word_1_96' title='bbox 1052 2467 1092 2507; x_wconf 93' lang='lat' dir='ltr'>ne</span> <span class='ocrx_word' id='word_1_97' title='bbox 1118 2448 1217 2526; x_wconf 85' lang='lat' dir='ltr'>quisa</span> 
     </span>
    </p>

    <p class='ocr_par' dir='ltr' id='par_1_6' title="bbox 136 2549 1219 3047">
     <span class='ocr_line' id='line_1_15' title="bbox 136 2549 1189 2632; baseline 0.006 -25"><span class='ocrx_word' id='word_1_98' title='bbox 136 2563 164 2608; x_wconf 92' lang='lat'>10</span> <span class='ocrx_word' id='word_1_99' title='bbox 184 2550 263 2609; x_wconf 91' lang='lat' dir='ltr'>mihi</span> <span class='ocrx_word' id='word_1_100' title='bbox 278 2570 340 2609; x_wconf 94' lang='lat' dir='ltr'>non</span> <span class='ocrx_word' id='word_1_101' title='bbox 355 2550 488 2609; x_wconf 91' lang='lat' dir='ltr'>donatus</span> <span class='ocrx_word' id='word_1_102' title='bbox 503 2549 612 2624; x_wconf 90' lang='lat' dir='ltr'>abiret,</span> <span class='ocrx_word' id='word_1_103' title='bbox 628 2554 749 2626; x_wconf 89' lang='lat' dir='ltr'>partem</span> <span class='ocrx_word' id='word_1_104' title='bbox 763 2556 906 2610; x_wconf 86' lang='lat' dir='ltr'>octavam</span> <span class='ocrx_word' id='word_1_105' title='bbox 920 2551 1014 2628; x_wconf 88' lang='lat' dir='ltr'>pretii</span> <span class='ocrx_word' id='word_1_106' title='bbox 1035 2571 1097 2630; x_wconf 92' lang='lat' dir='ltr'>quo</span> <span class='ocrx_word' id='word_1_107' title='bbox 1118 2555 1189 2632; x_wconf 89' lang='lat' dir='ltr'>quis</span> 
     </span>
     <span class='ocr_line' id='line_1_16' title="bbox 185 2654 1190 2732; baseline 0.004 -17"><span class='ocrx_word' id='word_1_108' title='bbox 185 2661 303 2715; x_wconf 90' lang='lat' dir='ltr'>emerat</span> <span class='ocrx_word' id='word_1_109' title='bbox 330 2654 484 2714; x_wconf 87' lang='lat' dir='ltr'>concessi:</span> <span class='ocrx_word' id='word_1_110' title='bbox 518 2654 631 2713; x_wconf 88' lang='lat' dir='ltr'>deinde</span> <span class='ocrx_word' id='word_1_111' title='bbox 659 2655 705 2714; x_wconf 89' lang='lat' dir='ltr'>eis</span> <span class='ocrx_word' id='word_1_112' title='bbox 728 2654 782 2731; x_wconf 93' lang='lat' dir='ltr'>qui</span> <span class='ocrx_word' id='word_1_113' title='bbox 810 2654 1021 2732; x_wconf 89' lang='lat' dir='ltr'>amplissimas</span> <span class='ocrx_word' id='word_1_114' title='bbox 1051 2676 1190 2719; x_wconf 87' lang='lat' dir='ltr'>summas</span> 
     </span>
     <span class='ocr_line' id='line_1_17' title="bbox 185 2759 1190 2838; baseline 0.003 -18"><span class='ocrx_word' id='word_1_115' title='bbox 185 2761 395 2838; x_wconf 87' lang='lat' dir='ltr'>emptionibus</span> <span class='ocrx_word' id='word_1_116' title='bbox 417 2764 643 2836; x_wconf 87' lang='lat' dir='ltr'>occupaverant</span> <span class='ocrx_word' id='word_1_117' title='bbox 667 2759 835 2836; x_wconf 91' lang='lat' dir='ltr'>separatim</span> <span class='ocrx_word' id='word_1_118' title='bbox 857 2760 1007 2820; x_wconf 88' lang='lat' dir='ltr'>consului.</span> <span class='ocrx_word' id='word_1_119' title='bbox 1051 2762 1138 2822; x_wconf 88' lang='lat' dir='ltr'>Nam</span> <span class='ocrx_word' id='word_1_120' title='bbox 1159 2768 1190 2823; x_wconf 92' lang='lat' dir='ltr'>et</span> 
     </span>
     <span class='ocr_line' id='line_1_18' title="bbox 185 2864 1188 2942; baseline 0.004 -18"><span class='ocrx_word' id='word_1_121' title='bbox 185 2885 234 2924; x_wconf 90' lang='lat' dir='ltr'>me</span> <span class='ocrx_word' id='word_1_122' title='bbox 261 2866 361 2941; x_wconf 85' lang='lat' dir='ltr'>magis</span> <span class='ocrx_word' id='word_1_123' title='bbox 389 2865 534 2924; x_wconf 90' lang='lat' dir='ltr'>iuverant</span> <span class='ocrx_word' id='word_1_124' title='bbox 562 2869 594 2923; x_wconf 92' lang='lat' dir='ltr'>et</span> <span class='ocrx_word' id='word_1_125' title='bbox 621 2864 722 2924; x_wconf 90' lang='lat' dir='ltr'>maius</span> <span class='ocrx_word' id='word_1_126' title='bbox 756 2864 818 2942; x_wconf 90' lang='lat' dir='ltr'>ipsi</span> <span class='ocrx_word' id='word_1_127' title='bbox 852 2866 994 2926; x_wconf 88' lang='lat' dir='ltr'>fecerant</span> <span class='ocrx_word' id='word_1_128' title='bbox 1029 2867 1188 2928; x_wconf 90' lang='lat' dir='ltr'>damnum.</span> 
     </span>
     <span class='ocr_line' id='line_1_19' title="bbox 186 2969 1219 3047; baseline 0.004 -19"><span class='ocrx_word' id='word_1_129' title='bbox 186 2972 288 3046; x_wconf 80' lang='lat' dir='ltr'>igitur</span> <span class='ocrx_word' id='word_1_130' title='bbox 310 2971 355 3030; x_wconf 90' lang='lat' dir='ltr'>eis</span> <span class='ocrx_word' id='word_1_131' title='bbox 378 2970 432 3046; x_wconf 88' lang='lat' dir='ltr'>qui</span> <span class='ocrx_word' id='word_1_132' title='bbox 457 2969 557 3046; x_wconf 87' lang='lat' dir='ltr'>pluris</span> <span class='ocrx_word' id='word_1_133' title='bbox 582 2989 676 3047; x_wconf 91' lang='lat' dir='ltr'>quam</span> <span class='ocrx_word' id='word_1_134' title='bbox 701 2970 807 3028; x_wconf 87' lang='lat' dir='ltr'>decern</span> <span class='ocrx_word' id='word_1_135' title='bbox 830 2970 958 3030; x_wconf 85' lang='lat' dir='ltr'>milibus</span> <span class='ocrx_word' id='word_1_136' title='bbox 983 2980 1126 3033; x_wconf 87' lang='lat' dir='ltr'>emerant</span> <span class='ocrx_word' id='word_1_137' title='bbox 1151 2974 1219 3042; x_wconf 86' lang='lat' dir='ltr'>ad4</span> 
     </span>
    </p>

    <p class='ocr_par' dir='ltr' id='par_1_7' title="bbox 136 3074 1219 3572">
     <span class='ocr_line' id='line_1_20' title="bbox 136 3074 1191 3151; baseline 0.005 -19"><span class='ocrx_word' id='word_1_138' title='bbox 136 3088 163 3132; x_wconf 88' lang='lat'>15</span> <span class='ocrx_word' id='word_1_139' title='bbox 185 3077 273 3135; x_wconf 84' lang='lat' dir='ltr'>illam</span> <span class='ocrx_word' id='word_1_140' title='bbox 306 3093 499 3134; x_wconf 85' lang='lat' dir='ltr'>communem</span> <span class='ocrx_word' id='word_1_141' title='bbox 527 3080 558 3133; x_wconf 92' lang='lat' dir='ltr'>et</span> <span class='ocrx_word' id='word_1_142' title='bbox 586 3075 675 3150; x_wconf 91' lang='lat' dir='ltr'>quasi</span> <span class='ocrx_word' id='word_1_143' title='bbox 710 3074 867 3151; x_wconf 83' lang='lat' dir='ltr'>publicam</span> <span class='ocrx_word' id='word_1_144' title='bbox 902 3081 1043 3135; x_wconf 88' lang='lat' dir='ltr'>octavam</span> <span class='ocrx_word' id='word_1_145' title='bbox 1081 3078 1191 3138; x_wconf 90' lang='lat' dir='ltr'>addidi</span> 
     </span>
     <span class='ocr_line' id='line_1_21' title="bbox 185 3179 1188 3255; baseline 0.003 -15"><span class='ocrx_word' id='word_1_146' title='bbox 185 3182 338 3241; x_wconf 83' lang='lat' dir='ltr'>decimam</span> <span class='ocrx_word' id='word_1_147' title='bbox 374 3180 440 3238; x_wconf 90' lang='lat' dir='ltr'>eius</span> <span class='ocrx_word' id='word_1_148' title='bbox 470 3198 606 3238; x_wconf 89' lang='lat' dir='ltr'>summae</span> <span class='ocrx_word' id='word_1_149' title='bbox 635 3199 696 3255; x_wconf 90' lang='lat' dir='ltr'>qua</span> <span class='ocrx_word' id='word_1_150' title='bbox 724 3179 829 3238; x_wconf 86' lang='lat' dir='ltr'>decem</span> <span class='ocrx_word' id='word_1_151' title='bbox 858 3179 947 3239; x_wconf 88' lang='lat' dir='ltr'>milia</span> <span class='ocrx_word' id='word_1_152' title='bbox 979 3190 1188 3243; x_wconf 83' lang='lat' dir='ltr'>excesserant</span> 
     </span>
     <span class='ocr_line' id='line_1_22' title="bbox 185 3284 1219 3361; baseline 0 -15"><span class='ocrx_word' id='word_1_153' title='bbox 185 3287 301 3346; x_wconf 89' lang='lat' dir='ltr'>Vereor</span> <span class='ocrx_word' id='word_1_154' title='bbox 322 3303 361 3343; x_wconf 92' lang='lat' dir='ltr'>ne</span> <span class='ocrx_word' id='word_1_155' title='bbox 383 3304 493 3361; x_wconf 90' lang='lat' dir='ltr'>parum</span> <span class='ocrx_word' id='word_1_156' title='bbox 514 3284 737 3361; x_wconf 80' lang='lat' dir='ltr'>expresserim3</span> <span class='ocrx_word' id='word_1_157' title='bbox 766 3285 905 3361; x_wconf 87' lang='lat' dir='ltr'>apertius</span> <span class='ocrx_word' id='word_1_158' title='bbox 926 3286 1064 3346; x_wconf 87' lang='lat' dir='ltr'>calculos</span> <span class='ocrx_word' id='word_1_159' title='bbox 1089 3294 1219 3356; x_wconf 77' lang='lat' dir='ltr'>osten-5</span> 
     </span>
     <span class='ocr_line' id='line_1_23' title="bbox 185 3388 1190 3466; baseline 0.004 -17"><span class='ocrx_word' id='word_1_160' title='bbox 185 3391 266 3450; x_wconf 93' lang='lat' dir='ltr'>dam.</span> <span class='ocrx_word' id='word_1_161' title='bbox 324 3389 357 3449; x_wconf 84' lang='lat' dir='ltr'>Si</span> <span class='ocrx_word' id='word_1_162' title='bbox 382 3389 437 3465; x_wconf 93' lang='lat' dir='ltr'>qui</span> <span class='ocrx_word' id='word_1_163' title='bbox 461 3389 543 3448; x_wconf 86' lang='lat' dir='ltr'>forte</span> <span class='ocrx_word' id='word_1_164' title='bbox 569 3388 746 3465; x_wconf 89' lang='lat' dir='ltr'>quindecim</span> <span class='ocrx_word' id='word_1_165' title='bbox 771 3389 899 3449; x_wconf 88' lang='lat' dir='ltr'>milibus</span> <span class='ocrx_word' id='word_1_166' title='bbox 923 3397 1072 3466; x_wconf 88' lang='lat' dir='ltr'>emerant,</span> <span class='ocrx_word' id='word_1_167' title='bbox 1098 3392 1134 3452; x_wconf 92' lang='lat' dir='ltr'>hi</span> <span class='ocrx_word' id='word_1_168' title='bbox 1158 3398 1190 3453; x_wconf 93' lang='lat' dir='ltr'>et</span> 
     </span>
     <span class='ocr_line' id='line_1_24' title="bbox 185 3493 1189 3572; baseline 0.004 -18"><span class='ocrx_word' id='word_1_169' title='bbox 185 3495 364 3572; x_wconf 90' lang='lat' dir='ltr'>quindecim</span> <span class='ocrx_word' id='word_1_170' title='bbox 384 3493 506 3552; x_wconf 89' lang='lat' dir='ltr'>milium</span> <span class='ocrx_word' id='word_1_171' title='bbox 522 3501 664 3553; x_wconf 87' lang='lat' dir='ltr'>octavam</span> <span class='ocrx_word' id='word_1_172' title='bbox 683 3499 714 3552; x_wconf 91' lang='lat' dir='ltr'>et</span> <span class='ocrx_word' id='word_1_173' title='bbox 734 3494 872 3571; x_wconf 88' lang='lat' dir='ltr'>quinque</span> <span class='ocrx_word' id='word_1_174' title='bbox 892 3494 1015 3554; x_wconf 92' lang='lat' dir='ltr'>milium</span> <span class='ocrx_word' id='word_1_175' title='bbox 1035 3497 1189 3558; x_wconf 85' lang='lat' dir='ltr'>decimam</span> 
     </span>
    </p>

    <p class='ocr_par' dir='ltr' id='par_1_8' title="bbox 135 3600 1220 3784">
     <span class='ocr_line' id='line_1_25' title="bbox 135 3600 1220 3676; baseline 0.006 -21"><span class='ocrx_word' id='word_1_176' title='bbox 135 3609 166 3655; x_wconf 80' lang='lat' dir='ltr'>ao</span> <span class='ocrx_word' id='word_1_177' title='bbox 185 3601 333 3660; x_wconf 88' lang='lat' dir='ltr'>tulerunt.</span> <span class='ocrx_word' id='word_1_178' title='bbox 376 3600 552 3672; x_wconf 89' lang='lat' dir='ltr'>Praeterea,</span> <span class='ocrx_word' id='word_1_179' title='bbox 570 3618 639 3659; x_wconf 90' lang='lat' dir='ltr'>oum</span> <span class='ocrx_word' id='word_1_180' title='bbox 659 3604 836 3676; x_wconf 88' lang='lat' dir='ltr'>reputarem</span> <span class='ocrx_word' id='word_1_181' title='bbox 855 3601 1004 3676; x_wconf 92' lang='lat' dir='ltr'>quosdam</span> <span class='ocrx_word' id='word_1_182' title='bbox 1024 3618 1063 3660; x_wconf 86' lang='lat' dir='ltr'>ex</span> <span class='ocrx_word' id='word_1_183' title='bbox 1082 3603 1189 3664; x_wconf 91' lang='lat' dir='ltr'>debito</span> <span class='ocrx_word' id='word_1_184' title='bbox 1207 3616 1220 3661; x_wconf 86' lang='lat'><strong>6</strong></span> 
     </span>
     <span class='ocr_line' id='line_1_26' title="bbox 186 3692 1187 3784; baseline 0.005 -21"><span class='ocrx_word' id='word_1_185' title='bbox 186 3705 390 3782; x_wconf 89' lang='lat' dir='ltr'>aliquantum,</span> <span class='ocrx_word' id='word_1_186' title='bbox 409 3704 561 3782; x_wconf 90' lang='lat' dir='ltr'>quosdam</span> <span class='ocrx_word' id='word_1_187' title='bbox 579 3692 710 3780; x_wconf 87' lang='lat' dir='ltr'>aliquid,</span> <span class='ocrx_word' id='word_1_188' title='bbox 727 3705 877 3781; x_wconf 89' lang='lat' dir='ltr'>quosdam</span> <span class='ocrx_word' id='word_1_189' title='bbox 896 3705 979 3764; x_wconf 91' lang='lat' dir='ltr'>nihil</span> <span class='ocrx_word' id='word_1_190' title='bbox 1000 3707 1187 3784; x_wconf 87' lang='lat' dir='ltr'>reposuisse,</span> 
     </span>
    </p>
   </div>
   <div class='ocr_carea' id='block_1_5' title="bbox 0 0 1352 4170">
    <p class='ocr_par' dir='ltr' id='par_1_9' title="bbox 0 0 1352 4170">
     <span class='ocr_line' id='line_1_27' title="bbox 0 0 1352 4170; baseline 0 0"><span class='ocrx_word' id='word_1_191' title='bbox 0 0 1352 4170; x_wconf 95' lang='lat' dir='ltr'> </span> 
     </span>
    </p>
   </div>
  </div>
 </body>
</html>
