2664 4170
495 252 755 303 EPISTULARUM
780 253 827 303 VI.
846 253 883 303 16.
1149 246 1189 312 85

186 427 268 485 Tum
284 445 317 486 se
331 426 429 503 quieti
444 426 542 500 dedit,
557 432 589 485 01
603 426 725 503 quievit
738 427 903 487 verissimo
923 428 1047 505 quidem
1071 448 1187 490 somno.

186 533 271 591 Nam
285 537 407 591 meatus
426 531 557 607 animae,
573 532 626 609 qui
649 531 697 590 illi
719 537 846 610 propter
867 534 1107 612 amplitudinem
1127 555 1190 595 001-

186 638 272 715 poris
287 637 411 714 gravior
426 642 457 696 et
472 637 633 697 sonantior
647 643 723 713 erat,
739 638 778 698 ab
795 639 840 698 eis
855 639 909 715 qui
931 639 1034 698 limini
1049 641 1189 702 obversa

138 751 167 794 14
187 744 302 803 bantur
316 743 508 803 audiebatur.
553 742 615 802 Sed
629 761 701 802 area
715 761 754 802 ex
768 763 831 821 qua
851 745 957 804 diaeta
977 745 1122 807 adibatur
1143 748 1189 808 ita

187 849 250 908 iam
265 848 369 908 cinere
384 848 554 926 mixtisque
569 848 746 926 pumicibus
760 849 887 926 oppleta
904 858 1081 911 surrexerat
1101 859 1145 927 ut,
1161 854 1188 913 si
1207 865 1222 909 0

187 953 309 1030 longior
336 953 370 1012 in
397 953 540 1013 cubiculo
565 972 660 1028 mora,
682 953 786 1013 exitus
808 960 980 1030 negaretur.
1023 957 1188 1019 Excitatus

187 1059 328 1137 procedit
353 1077 447 1136 seque
475 1059 689 1136 Pomponiano
716 1058 890 1135 ceterisque
910 1061 965 1137 qui
986 1062 1190 1138 pervigilave

139 1178 167 1223 15
187 1170 259 1224 rant
273 1164 385 1224 reddit.
429 1165 468 1223 In
482 1182 645 1224 commune
662 1164 851 1237 consultant,
866 1165 951 1225 intra
971 1172 1056 1227 tecta
1076 1168 1190 1229 subsis

186 1274 257 1330 tant
291 1288 332 1329 an
359 1270 393 1328 in
421 1274 529 1347 aperto
557 1276 717 1344 vagentur.
773 1270 856 1329 Nam
885 1271 1000 1332 crebris
1028 1273 1189 1350 vastisque

186 1376 374 1436 tremoribus
402 1381 487 1435 tecta
514 1375 667 1435 nutabant
688 1381 720 1434 et
741 1376 831 1453 quasi
853 1382 957 1435 emota
976 1378 1102 1438 sedibus
1124 1379 1189 1440 suis
1209 1388 1239 1434 10

138 1492 166 1536 16
187 1499 270 1541 nuno
288 1480 349 1540 huc
369 1499 452 1539 nunc
473 1480 549 1539 illuc
571 1480 655 1542 abire
677 1485 732 1539 aut
754 1480 865 1540 referri
886 1481 1081 1542 videbantur.
1125 1484 1190 1544 Sub

187 1587 239 1646 dio
268 1605 375 1646 rursus
403 1603 592 1663 quamquam
626 1584 744 1644 levium
779 1603 1003 1663 exesorumque
1030 1588 1189 1664 pumicum

186 1710 279 1752 casus
292 1691 506 1766 metuebatur;
528 1690 612 1767 quod
626 1695 730 1749 tamen
753 1690 962 1767 periculorum
983 1692 1111 1753 collatio
1133 1694 1191 1754 ele-

187 1798 243 1873 git.
285 1797 329 1856 Et
349 1797 433 1874 apud
454 1795 544 1855 illum
566 1795 692 1873 quidem
720 1796 800 1856 ratio
821 1797 984 1873 rationem,
1006 1799 1090 1875 apud
1112 1799 1190 1860 alios

186 1903 332 1962 timorem
353 1901 446 1961 timor
467 1900 552 1960 vicit.
605 1900 778 1961 Cervicalia
798 1901 954 1979 capitibus
976 1902 1115 1981 inposita
1135 1904 1192 1963 lin·
1211 1917 1239 1962 10

186 2008 248 2067 1010
277 2006 511 2082 constringunt:
540 2006 574 2065 id
595 2005 824 2066 munimentum
849 2008 998 2068 adversus
1021 2009 1192 2069 incidentia

136 2123 166 2169 17
187 2113 261 2173 fuit.
304 2113 373 2172 Iam
388 2111 455 2172 dies
469 2110 555 2187 alibi,
571 2110 638 2171 illic
659 2131 722 2171 nox
743 2112 885 2172 omnibus
907 2114 1051 2174 noctibus
1072 2115 1191 2190 nigrior

188 2218 393 2295 densiorque;
415 2236 509 2294 quam
530 2222 636 2276 tamen
657 2217 742 2277 faces
763 2217 881 2277 multae
903 2219 1050 2296 variaque
1072 2220 1192 2280 lumina

189 2323 379 2384 solabantur.
421 2321 547 2382 Placuit
561 2322 666 2398 egredi
687 2322 720 2380 in
741 2321 817 2382 litus
839 2329 870 2382 et
891 2342 930 2382 ex
951 2324 1092 2400 proximo
1113 2326 1193 2403 aspi-

188 2447 258 2489 cere
273 2427 385 2505 ecquid
399 2427 462 2486 iam
476 2445 560 2487 mare
581 2426 779 2504 admitteret3
802 2429 886 2504 quod
907 2428 1008 2489 adhuc
1023 2436 1147 2490 vastum
1161 2437 1193 2490 01
1212 2447 1241 2491 20

140 2545 170 2592 18
190 2535 356 2594 adversum
371 2533 580 2611 permanebat.
623 2533 674 2593 Ibi
690 2551 783 2609 super
794 2533 949 2593 abiectum
963 2534 1096 2594 linteum
1110 2554 1194 2596 recu-

190 2642 268 2702 bans
284 2640 379 2702 semel
394 2646 489 2719 atque
503 2639 618 2700 iterum
632 2638 782 2715 frigidam
797 2657 909 2715 aquam
920 2639 1063 2717 poposcit
1077 2641 1194 2702 hausit

191 2766 260 2825 que.
303 2746 426 2806 Deinde
450 2745 594 2805 flammae
614 2743 872 2821 flammarumque
894 2746 1097 2822 praenuntius
1119 2747 1194 2807 odor

143 2866 173 2910 19
194 2852 330 2929 sulpuris
344 2849 423 2912 alios
438 2851 472 2910 in
486 2851 594 2927 fugam
608 2854 746 2923 vertunt,
761 2849 899 2909 excitant
912 2849 1011 2909 illum.
1048 2850 1193 2913 Innitens

192 2958 327 3018 servulis
355 2955 475 3016 duobus
504 2954 690 3030 adsurrexit,
719 2959 751 3014 et
779 2954 887 3014 statim
915 2955 1059 3031 concidit,
1081 2962 1118 3015 ut
1139 2975 1195 3032 ego
1214 2975 1243 3020 25

192 3063 315 3139 colligo,
343 3061 494 3122 crassiore
529 3060 664 3136 caligine
696 3059 811 3136 spiritu
838 3059 996 3120 obstructo
1028 3061 1195 3139 clausoque

193 3168 362 3242 stomach0,
384 3167 439 3245 qui
459 3165 509 3225 illi
529 3170 642 3225 natura
662 3163 820 3223 invalidus
845 3169 877 3224 et
901 3171 1052 3240 angustus
1078 3172 1110 3226 et
1137 3168 1197 3227 fre-

143 3287 174 3334 20
194 3278 326 3351 quenter
341 3277 487 3332 aestuans
501 3276 576 3330 erat.
620 3269 685 3331 Ubi
700 3269 767 3328 dies
787 3269 928 3328 redditus
945 3269 985 3348 (is
1001 3271 1039 3330 ab
1054 3290 1089 3330 eo
1104 3291 1196 3348 quem

194 3377 365 3439 novissime
389 3377 512 3436 viderat
539 3375 676 3455 tertius),
699 3392 811 3451 corpus
838 3374 1002 3434 inventum
1030 3377 1196 3454 integrum,

195 3483 351 3543 inlaesum
366 3487 570 3560 opertumque
584 3486 620 3540 ut
634 3480 739 3540 fuerat
753 3479 899 3539 indutus:
918 3480 1045 3541 habitus
1060 3484 1197 3560 corporis
1217 3503 1246 3549 ao

144 3609 175 3656 21
196 3589 372 3668 quiescenti
386 3608 480 3666 quam
498 3587 646 3647 defuncto
668 3586 807 3646 similior.
851 3586 982 3646 Interim
1005 3588 1121 3648 Miseni
1142 3609 1199 3665 ego

197 3701 230 3756 et
244 3701 344 3755 mater
354 3694 458 3754 —sed
478 3692 560 3753 nihil
581 3693 621 3752 ad
641 3691 814 3766 historiam,
829 3709 887 3751 uec
900 3697 937 3751 tu
951 3693 1038 3753 aliud
1052 3713 1145 3771 quam
1161 3696 1199 3756 de
