2664 4170
422 256 430 269 .
531 226 769 278 PISTULARUM
792 228 813 277 Ι.
834 228 859 278 5.

618 479 648 538 4.
677 476 742 557 (v.)

335 634 363 683 C.
386 632 530 683 PLINIUS
551 633 710 684 VOCONIO
732 633 886 684 ROMANO
907 634 975 685 SUO
996 634 1021 685 S.

250 780 320 829 How
331 781 481 828 conscience
495 780 571 828 orode
583 794 600 828 c
612 780 718 828 ccwcrd
730 781 762 840 os
770 780 900 841 Regulos,
915 780 957 829 the
971 781 1107 842 iqformcr.

138 935 154 979 1
216 922 376 982 Vidistine
408 940 596 1000 quemquam
632 923 674 980 M.
708 923 828 997 Regulo
859 921 1049 982 timidiorem
1081 924 1181 983 humi-

176 1027 286 1087 liorem
314 1032 386 1104 post
414 1026 587 1086 Domitiani
615 1030 771 1087 mortem?
800 1027 858 1087 sub
886 1047 947 1104 quo
969 1047 1032 1087 non
1060 1029 1181 1088 minora

176 1132 299 1208 flagitia
311 1131 508 1191 commiserat
522 1150 616 1209 quam
631 1132 689 1191 sub
703 1133 837 1206 Nerone,
853 1133 908 1192 sed
924 1133 1064 1192 tertiora
1108 1135 1181 1194 Coe-

176 1240 226 1316 pit
246 1238 349 1298 vereri
376 1256 415 1297 ne
445 1237 506 1298 sibi
533 1238 700 1311 irascerer;
731 1256 787 1296 nec
815 1238 992 1312 fallebatru,
1015 1239 1177 1300 irascebar.

138 1357 154 1402 2
176 1344 302 1405 Rustici
329 1343 463 1403 Anileni
493 1343 665 1421 periculum
694 1344 825 1418 foverat,
851 1345 1047 1405 exultaverat
1071 1351 1179 1420 morte,
1200 1359 1215 1402 c

177 1452 255 1511 adeo
274 1457 311 1510 ut
331 1451 446 1512 librum
466 1452 611 1511 recitaret
630 1450 874 1528 publicaretque,
891 1451 924 1509 in
938 1470 1000 1527 quo
1013 1452 1180 1510 Rusticum
1298 1431 1302 1438 ¹

176 1555 348 1617 insectatur
361 1563 456 1634 atque
470 1556 564 1616 etiam
580 1555 754 1615 Stoicorum
770 1555 893 1615 simiam
907 1555 1062 1633 appellat3
1083 1557 1180 1616 adicit

124 1671 154 1747 ⁴a
176 1661 350 1722 Vitelliaua
375 1660 519 1721 cicatrice
548 1661 740 1736 stigmosum.
790 1661 944 1737 Agnoscis
969 1660 1179 1738 eloquentiam

176 1766 300 1842 Reguli.
344 1767 476 1826 Lacerat
496 1766 692 1825 Herennium
715 1765 926 1839 Senecionem,
946 1772 1011 1825 tam
1031 1767 1180 1844 intempe-

176 1878 282 1931 ranter
301 1871 428 1949 quidem
443 1877 479 1931 ut
496 1871 612 1931 dixerit
626 1871 655 1930 ei
671 1871 788 1931 Metius
803 1871 901 1931 Carus
920 1877 928 1906 ‘
937 1871 1013 1947 quid
1030 1872 1089 1932 tibi
1109 1891 1179 1931 eum
1201 1887 1229 1930 10

176 1977 254 2037 meis
273 1977 432 2037 mortuis?
453 1976 607 2054 numquid
623 1996 681 2052 ego
695 1977 807 2037 Crasso
822 1982 877 2035 aut
891 1976 1055 2036 Camerino
1072 1977 1179 2038 moles-

138 2091 154 2136 4
175 2088 228 2159 tus
246 2083 358 2144 sum?'
379 2101 458 2160 quos
480 2081 535 2141 1116
554 2082 612 2142 sub
632 2084 758 2141 Nerone
777 2086 984 2142 accusaverat.
1028 2083 1115 2142 Haec
1129 2101 1178 2142 me

176 2188 317 2263 Regulus
345 2187 486 2247 dolenter
511 2187 623 2248 tulisse
650 2187 804 2262 credebat,
830 2187 962 2263 ideoque
986 2187 1080 2246 etiam
1109 2207 1179 2247 eum

176 2293 323 2353 recitaret
351 2292 477 2368 librum,
504 2311 567 2351 non
596 2292 789 2352 adhibuerat.
839 2293 1006 2352 Praeterea
1040 2293 1180 2354 reminis·

175 2399 304 2459 cebatur
328 2417 422 2476 quam
447 2397 625 2476 capitaliter
649 2398 753 2476 ipsum
780 2417 830 2458 me
857 2399 942 2475 apud
968 2399 1179 2458 centumviros
1200 2412 1227 2456 15

136 2503 360 2564 claeessisset.
404 2504 540 2564 Aderam
566 2502 766 2578 Arrionillae,
788 2503 928 2564 Timonis
950 2504 1049 2578 uxori,
1069 2509 1179 2581 rogatu

176 2609 308 2668 Aruleni
336 2609 478 2685 Rustici;
509 2608 651 2686 Regulus
679 2614 794 2669 contra.
846 2609 1036 2669 Nitebamur
1065 2629 1120 2670 nos
1145 2610 1179 2668 in

175 2720 265 2792 parte
279 2732 390 2775 causae
405 2715 563 2775 sententia
576 2714 657 2774 Meti
672 2714 818 2789 Modesti,
833 2714 946 2791 optimi
960 2715 1038 2774 viri:
1059 2715 1086 2774 is
1103 2721 1179 2775 tunc

174 2819 210 2879 in
224 2819 321 2880 exilio
335 2826 411 2894 erat,
426 2839 445 2880 a
458 2819 641 2880 Domitiano
657 2819 821 2895 relegatus.
864 2821 945 2880 Ecce
962 2820 1021 2880 tibi
1038 2821 1178 2896 Regulus

177 2925 328 3003 ‘quaero'
359 2924 474 3002 inquit,
503 2925 671 2999 ‘Secunde
700 2924 778 3001 quid
805 2925 844 2983 de
868 2925 1012 2984 Modesto
1041 2926 1177 2985 sentias.'
1198 2940 1228 2985 ao

175 3031 274 3091 Vides
302 3031 386 3109 quod
419 3030 601 3109 periculum,
631 3030 658 3090 si
685 3029 916 3107 respondissem
947 3030 1063 3105 ‘bene’
1095 3032 1176 3108 quod

175 3135 341 3212 flagitium,
357 3135 384 3196 si
402 3135 517 3195 ‘mala'
559 3136 632 3194 Non
646 3153 773 3212 possum
788 3135 890 3194 dicere
908 3135 995 3195 aliud
1010 3140 1085 3194 tune
1099 3136 1178 3195 mihi

175 3260 271 3319 quam
293 3242 366 3302 deos
388 3240 536 3301 adfuisse.
581 3240 820 3317 ‘Respondebo’
843 3239 972 3317 inquam
997 3241 1039 3300 ‘si
1061 3241 1099 3299 de
1120 3241 1178 3300 hoe

175 3346 365 3407 centumviri
388 3344 558 3405 iudicaturi
582 3346 674 3405 sunt'
717 3346 839 3405 Rursus
865 3345 920 3404 ille
943 3350 1076 3422 ‘quaero
1102 3347 1179 3422 quid

137 3452 215 3512 ede
245 3452 391 3512 Modesto
420 3450 556 3511 sentias.’
607 3451 728 3510 Iterum
756 3469 813 3525 ego
838 3450 1000 3511 ‘solebant
1024 3455 1120 3511 testes
1145 3451 1179 3509 111
1198 3468 1228 3512 25

175 3576 253 3633 reos,
268 3576 331 3616 non
349 3557 382 3615 in
400 3557 563 3616 damnatos
582 3555 787 3632 interrogari!
827 3555 934 3614 Tertio
948 3555 1003 3615 ille
1018 3560 1098 3615 ‘non
1115 3556 1179 3616 iam

176 3662 254 3740 quid
274 3663 313 3722 de
332 3662 486 3737 Modest0,
508 3661 564 3721 sed
584 3661 661 3739 quid
682 3660 720 3721 de
742 3661 859 3738 pietate
882 3661 1019 3721 Modesti
1041 3661 1178 3723 sentias.'
