2664 4170
192 235 232 297 30
617 246 648 296 o.
668 245 767 295 rmru

190 419 274 478 veris
289 418 421 494 gratiam
436 416 541 489 villae,
557 418 823 494 opportunitatem
838 417 907 492 loci,
923 418 1029 479 litoris
1048 421 1197 497 spatium.

190 526 306 583 Decem
327 529 359 582 et
381 528 500 599 septem
522 522 651 582 milibus
672 541 820 599 passuum
841 524 880 582 ab
901 525 978 583 urbe
1000 526 1145 601 secessit,
1162 532 1228 586 uta

190 629 324 707 peractis
340 647 419 705 quae
435 629 554 703 agenda
570 628 690 687 fuerint
709 628 796 688 salvo
814 629 877 688 iam
899 634 931 687 et
951 631 1130 707 composito
1145 632 1196 691 die

190 735 291 812 possis
310 734 354 792 ibi
372 751 504 792 manere.
547 733 665 792 Aditur
678 753 741 792 non
757 753 820 793 una
834 735 900 810 via;
922 753 996 794 nam
1011 740 1044 794 et
1059 737 1195 796 Lauren-

155 853 169 896 5
190 841 258 899 tina
277 846 309 898 et
328 838 483 898 Ostiensis
500 839 608 896 eodem
628 839 744 914 ferunt,
760 840 815 899 sed
832 839 1027 899 Laurentina
1046 860 1066 900 a
1083 848 1194 918 quarto

189 945 310 1005 decimo
331 944 445 1020 lapide,
468 943 623 1003 Ostiensis
645 945 684 1003 ab
709 945 872 1004 undecimo
897 944 1108 1023 relinquenda
1135 952 1191 1008 est.

191 1051 359 1126 Utrimque
374 1049 491 1126 excipit
509 1049 568 1107 iter
588 1049 694 1126 aliqua
707 1069 746 1108 ex
760 1056 848 1127 parte
862 1050 1060 1126 harenosum,
1077 1052 1192 1112 iunctis

189 1157 283 1234 paulo
305 1156 429 1230 gravius
451 1161 483 1214 et
504 1155 637 1230 longius,
659 1174 741 1232 equo
764 1156 857 1215 breve
882 1162 914 1215 et
938 1156 1040 1215 molle.
1097 1158 1223 1217 Varias

189 1263 261 1320 hinc
286 1268 380 1337 atque
405 1261 478 1319 inde
499 1260 614 1321 facies:
642 1279 714 1319 nam
735 1261 827 1319 modo
848 1263 1083 1322 occurrentibus
1102 1263 1191 1324 silvis

141 1380 169 1424 10
189 1368 241 1426 via
255 1372 421 1440 coartatur,
437 1366 528 1424 modo
545 1365 710 1426 latissimis
725 1366 825 1443 pratis
841 1366 1031 1425 diffunditur
1045 1373 1079 1427 et
1093 1376 1192 1445 pates-

189 1474 254 1548 cit;
297 1472 388 1530 multi
423 1489 531 1546 greges
568 1471 682 1545 ovium,
711 1471 811 1530 multa
840 1472 884 1530 ibi
912 1490 1063 1549 equorum
1099 1475 1191 1533 boum

189 1583 337 1652 armenta,
354 1595 432 1654 quae
454 1576 613 1635 montibus
632 1575 734 1634 hieme
757 1577 887 1653 depulsa
906 1576 1012 1637 herbis
1031 1584 1064 1637 et
1083 1584 1191 1657 tepore

188 1702 284 1742 verno
312 1683 478 1748 nitescunt.
535 1681 622 1742 Villa
648 1681 757 1740 usibus
784 1699 891 1759 capax,
915 1701 978 1741 non
1006 1690 1192 1761 sumptuosa

188 1789 296 1848 tutela.
348 1788 445 1849 Cuius
469 1787 502 1845 in
526 1787 627 1864 prima
651 1792 739 1862 parte
761 1787 875 1845 atrium
898 1787 982 1864 frugi
1004 1807 1063 1847 nec
1084 1794 1223 1849 tament

140 1907 168 1951 15
189 1895 359 1967 sordidum,
382 1891 494 1951 deinde
523 1892 661 1968 porticus
686 1891 720 1948 iu
742 1892 772 1949 D
797 1892 921 1951 litterae
946 1892 1190 1955 similitudinem

188 2000 401 2072 circumactae,
418 1998 530 2075 quibus
552 1996 681 2073 parvola
702 1997 757 2055 sed
778 1996 895 2056 festiva
914 2015 986 2056 area
1004 1998 1187 2060 includitur.

187 2105 356 2180 Egregium
374 2105 432 2162 hae
452 2103 601 2162 adversus
623 2108 826 2178 tempestates
845 2103 1092 2179 receptaculum:
1116 2125 1189 2165 nam

188 2209 401 2287 specularibus
416 2227 451 2267 ac
462 2207 562 2266 multo
577 2208 676 2283 magis
687 2207 923 2267 imminentibus
938 2208 1030 2267 tectis
1045 2211 1190 2270 muniun-

187 2321 246 2374 tur.
290 2316 348 2374 Est
359 2320 468 2373 contra
479 2313 597 2372 medias
609 2312 790 2371 cavaedium
806 2312 914 2386 hilare,
927 2332 998 2371 mox
1013 2314 1188 2374 triclinium
1207 2328 1220 2372 5

138 2434 167 2478 20
188 2421 265 2480 satis
277 2419 450 2497 pulchrum,
462 2419 546 2495 quod
556 2419 590 2476 in
601 2418 677 2477 litus
689 2417 834 2491 excurrit,
847 2436 882 2477 ac
897 2417 924 2476 si
939 2419 1064 2495 quando
1078 2420 1189 2481 Africo

186 2545 271 2584 mare
286 2524 445 2602 inpulsum
455 2531 512 2597 est,
522 2524 632 2583 fractis
644 2523 705 2582 iam
719 2529 750 2581 et
760 2523 940 2582 novissimis
951 2523 1100 2584 fluctibus
1115 2526 1190 2586 levi-

187 2637 235 2689 ter
249 2630 395 2689 adluitur.
440 2629 588 2706 Undique
602 2629 710 2688 valvas
725 2634 779 2687 aut
793 2628 948 2688 fenestras
968 2647 1030 2687 non
1052 2631 1188 2692 minores

118 2807 130 2814 -
185 2736 287 2795 valvis
298 2735 402 2809 habet,
413 2740 505 2812 atque
517 2735 563 2794 ita
575 2754 593 2793 a
603 2734 753 2793 lateribus
765 2752 784 2792 a
794 2734 898 2793 fronte
910 2734 1000 2811 quasi
1011 2735 1075 2795 tria
1089 2736 1189 2796 maria

186 2846 380 2918 prospectat,
403 2859 422 2899 a
435 2846 522 2916 tergo
533 2840 724 2913 cavaedium,
736 2839 899 2916 porticum,
909 2858 1021 2914 aream,
1032 2841 1188 2918 porticum

136 2962 165 3006 25
186 2966 302 3019 rursus,
318 2965 390 3004 mox
405 2945 528 3019 atrium,
546 2945 641 3004 silvas
657 2951 688 3003 et
702 2945 889 3021 longinquos
907 2945 1035 3021 respicit
1054 2953 1186 3007 montes.

185 3052 291 3111 Huius
311 3071 329 3111 a
350 3051 440 3109 laeva
461 3049 626 3109 retractius
650 3050 744 3126 paulo
767 3049 943 3109 cubiculum
967 3055 1015 3109 est
1036 3052 1186 3129 amplum,
1206 3057 1220 3101 6

186 3157 298 3216 deinde
321 3157 406 3215 aliud
427 3156 540 3229 minus,
556 3156 639 3233 quod
657 3155 756 3214 altera
775 3156 915 3215 fenestra
934 3155 1076 3216 admittit
1091 3157 1188 3216 orien-

185 3268 257 3336 tem,
282 3263 473 3321 occidentem
500 3261 599 3320 altera
622 3261 745 3334 retinet,
767 3261 825 3319 hac
851 3267 882 3319 et
911 3261 1073 3321 subiacens
1102 3281 1188 3322 mare

185 3367 309 3444 longius
324 3368 450 3445 quidem
466 3368 520 3426 sed
536 3367 673 3426 securius
693 3366 841 3425 intuetur.
885 3366 990 3425 Huius
1005 3367 1141 3426 cubiculi
1157 3375 1189 3428 et
1208 3379 1220 3425 7

136 3489 165 3535 30
185 3473 316 3531 triclinii
331 3473 418 3532 illius
438 3473 560 3532 obiectu
576 3471 748 3530 includitur
763 3471 905 3546 angulus,
915 3471 970 3549 qui
984 3473 1188 3549 purissimum

186 3579 281 3638 solem
294 3578 434 3637 continet
445 3584 476 3636 et
490 3577 640 3637 accendit.
683 3579 752 3635 Hoc
764 3556 1009 3650 hibernaculum,
1022 3578 1080 3637 hoc
1091 3579 1188 3638 etiam

186 3683 382 3764 gymnasium
404 3701 541 3743 meorum
559 3687 620 3742 est:
644 3681 688 3743 ibi
706 3700 811 3743 omnes
830 3682 926 3743 silent
945 3683 1032 3743 venti
1047 3685 1190 3766 exceptis
