2664 4170
188 208 229 271 10
617 221 648 271 c.
667 221 767 270 rmnr

186 392 270 452 lente
292 398 534 471 cunctanterque
549 392 696 468 veniunt3
719 410 776 451 nec
798 397 904 451 tamen
926 398 1124 470 permanent,
1140 395 1193 454 sed

187 504 259 557 ante
284 497 377 556 finem
403 498 559 573 recedunt,
582 497 637 557 alii
665 497 900 558 dissimulanter
928 502 960 556 et
987 497 1113 572 furtim,
1139 499 1192 558 alii

187 602 373 681 simpliciter
404 609 436 662 et
464 603 568 662 libere.
622 602 666 662 At
694 602 819 662 hercule
846 589 996 661 memoria
1024 609 1223 680 parentums

186 709 352 769 Claudiurn
381 710 544 769 Caesarem
560 708 676 783 ferrmt,
698 728 768 768 cum
791 708 823 766 in
852 707 970 786 palatio
998 708 1193 785 spatiaretur

151 827 165 870 5
187 815 386 891 audissetque
402 815 715 888 clarnorem,eausa1n
732 813 910 891 requisisse,
922 831 1055 890 cumque
1070 814 1192 873 dictum

187 924 269 978 esset
281 920 411 978 recitare
422 920 611 992 Nonianum,
624 919 762 978 subitum
774 918 917 978 recitanti
930 918 1191 998 inopinatumque

187 1025 318 1084 venisse.
361 1025 454 1083 Nunc
475 1024 683 1084 otiosissimus
707 1023 839 1100 quisque
862 1023 961 1082 multo
976 1029 1049 1083 ante
1063 1031 1191 1100 rogatus
1208 1042 1221 1086 4

186 1135 218 1188 et
233 1129 404 1188 identidem
420 1129 598 1189 admonitus
613 1135 667 1188 aut
682 1148 743 1188 non
760 1128 847 1187 venit
860 1134 923 1203 aut,
936 1127 962 1188 si
978 1129 1074 1203 venit,
1091 1132 1192 1206 queri-

186 1241 238 1293 tur
256 1253 288 1294 se
306 1235 398 1309 diem,
414 1235 489 1311 quia
508 1253 569 1292 non
593 1233 774 1310 perdiderit,
791 1232 972 1310 perdidisse.
1016 1233 1079 1293 Sed
1103 1240 1222 1296 tantos

138 1355 166 1399 10
186 1339 286 1415 magis
308 1338 456 1399 laudandi
479 1339 692 1416 probandique
716 1344 789 1398 sunt
812 1357 889 1416 quos
904 1338 1094 1398 ascribendi
1118 1340 1192 1400 reci-

185 1446 336 1522 tandique
352 1445 456 1505 studio
477 1445 553 1504 haec
575 1444 753 1503 auditorum
768 1443 818 1503 vel
841 1443 963 1503 desidia
977 1442 1026 1502 vel
1043 1445 1191 1522 superbia

185 1570 247 1609 non
260 1551 405 1610 retardat.
449 1550 604 1627 Equidem
619 1567 715 1627 prope
726 1548 844 1608 nemini
859 1548 955 1608 defui.
998 1549 1099 1608 Erant
1115 1569 1190 1610 sane

187 1657 328 1733 plerique
343 1656 449 1715 amici:
466 1655 664 1732 nequeenim
680 1659 728 1715 est
739 1654 805 1713 fere
821 1653 987 1731 quisquam
1001 1654 1055 1732 qui
1073 1655 1189 1729 studia,

186 1767 295 1820 utnon
319 1761 411 1820 simul
427 1767 458 1820 et
473 1780 528 1820 nos
543 1766 634 1820 amet.
677 1760 739 1820 His
762 1778 800 1818 ex
824 1759 925 1820 causis
948 1758 1073 1835 longius
1094 1778 1222 1837 quams

138 1884 165 1928 15
186 1866 413 1926 destinaveram
438 1872 562 1943 tempus
585 1865 619 1923 in
642 1865 717 1924 urbe
740 1864 927 1942 consumpsi.
970 1864 1104 1924 Possum
1128 1864 1190 1925 iam

187 1978 325 2050 repetere
347 1989 501 2031 secessum
517 1976 548 2029 et
564 1970 696 2030 seribere
718 1969 840 2047 aliquid
861 1969 945 2047 quod
965 1988 1029 2028 nou
1050 1969 1190 2047 recitem,

186 2095 225 2135 ne
240 2077 356 2150 videar,
369 2095 499 2153 quorum
515 2075 750 2136 recitationibus
765 2075 862 2150 adfui,
874 2093 937 2133 non
951 2073 1076 2134 auditor
1090 2075 1191 2136 fuisse

187 2183 242 2240 sed
264 2181 406 2240 creditor.
449 2183 532 2241 Nam
553 2181 643 2240 utin
665 2180 776 2240 ceteris
797 2181 889 2240 rebus
912 2180 959 2239 ita
983 2179 1017 2239 in
1041 2179 1192 2241 audiendi

187 2285 286 2345 officio
301 2286 384 2365 perit
399 2286 508 2362 gratia,
524 2286 552 2347 si
566 2292 754 2364 reposcatur.
797 2286 884 2346 Vale.

590 2562 643 2623 ιο.
671 2559 787 2640 (mv.)

360 2730 389 2780 C.
415 2729 560 2781 PLINIUS
584 2729 687 2780 IUNlO
712 2728 881 2780 MAURICO
905 2728 973 2780 SUO
996 2729 1023 2783 S.

246 2877 341 2928 Choloe
354 2879 385 2940 of
393 2893 410 2928 α
422 2877 545 2928 husband
550 2877 600 2940 sor
611 2878 653 2927 the
665 2877 796 2940 dssqhter
807 2877 839 2939 os
846 2876 984 2928 Arulenus
996 2877 1134 2930 Rusticus.

137 3039 166 3083 20
227 3023 314 3083 Petis
339 3028 375 3082 ut
397 3022 507 3082 fratris
529 3022 577 3081 tui
600 3021 683 3082 filiae
706 3021 894 3099 prospiciam
916 3021 1082 3100 maritum3
1105 3025 1192 3102 quod
1210 3034 1224 3082 1

186 3129 298 3188 merito
326 3127 404 3186 mihi
432 3127 629 3205 potissimum
658 3126 804 3203 iniungis.
862 3127 929 3188 Scis
958 3127 1041 3187 enim
1069 3136 1191 3207 quanto

186 3252 278 3311 opere
308 3253 462 3292 summurn
490 3232 581 3291 illurn
605 3232 707 3291 virum
733 3232 927 3310 suspexerim
950 3232 1189 3313 dilexerimque,

186 3339 300 3417 quibus
319 3338 373 3397 ille
395 3338 639 3398 adulescentiam
660 3356 761 3397 meam
776 3338 1045 3400 exhortationibus
1060 3340 1188 3416 foverit,

186 3446 300 3523 quibus
329 3445 424 3504 etiem
453 3443 598 3503 leudibus
621 3449 656 3502 ut
684 3443 858 3503 laudandus
885 3443 1009 3503 viderer
1037 3444 1188 3506 effecerit

136 3563 165 3607 25
186 3550 277 3608 Nihil
293 3555 340 3609 est
357 3549 440 3626 qnod
454 3569 472 3609 a
486 3555 518 3608 te
533 3548 675 3608 mandari
689 3548 768 3607 mihi
783 3553 838 3608 aut
858 3549 959 3609 maius
980 3555 1035 3609 aut
1056 3550 1188 3627 gratius,
1206 3563 1222 3609 s

187 3654 268 3713 nihil
284 3655 367 3732 quod
381 3653 544 3714 honestius
558 3672 577 3713 a
590 3672 639 3713 me
654 3653 771 3731 suscipi
792 3653 893 3730 possit
914 3671 1008 3732 quam
1022 3661 1058 3714 ut
1071 3655 1188 3734 eligam
