2664 4170
267 257 308 319 88
690 264 720 316 C.
746 264 846 314 PLINI

264 439 402 515 inquam,
429 436 520 495 ‘dum
548 435 691 495 videmus
717 453 757 494 ne
785 435 819 494 in
846 435 900 494 via
928 436 1023 495 strati
1051 437 1265 497 comitantium

264 544 357 602 turba
371 543 403 601 in
419 541 557 600 tenebris
571 541 767 600 obteramur.'
809 540 872 600 Vix
891 541 1140 616 consideramus,
1156 549 1188 601 et
1200 561 1264 615 nox,
1281 552 1301 594 14

264 669 325 707 non
348 647 451 725 qualis
474 646 592 705 inlunis
606 652 661 705 aut
674 645 790 720 nubila,
806 645 861 706 sed
876 645 980 722 qualis
1003 647 1039 704 in
1061 646 1142 706 locis
1157 647 1263 706 clausis

264 754 382 812 lumine
397 752 544 810 extincto.
587 751 723 810 Audires
737 750 877 810 ululatus
891 750 1095 825 feminarum,
1112 751 1262 811 infantum

230 873 244 916 5
264 859 443 935 quiritatus
458 856 609 915 clamores
631 856 786 914 virorum:
808 855 866 914 alii
888 863 1045 933 parenteS,
1061 856 1120 914 alii
1144 856 1261 928 liberos,

263 964 319 1022 alii
340 963 485 1037 coniuges
509 961 638 1020 vocibus
663 961 872 1037 requirebant,
893 960 1024 1020 vocibus
1049 962 1260 1020 noscitabant:

263 1069 297 1126 hi
326 1088 415 1128 suum
444 1087 558 1138 casum,
587 1066 637 1124 illi
665 1085 789 1124 suorum
816 1065 1063 1125 miserabantur:
1096 1072 1187 1125 erant
1213 1065 1261 1142 qui

263 1181 349 1232 metu
364 1173 473 1231 mortis
495 1178 626 1229 mortem
647 1175 863 1248 precarentur:
886 1169 978 1228 multi
1000 1171 1042 1229 ad
1065 1171 1261 1231 decamanus
1278 1181 1299 1224 n

263 1279 382 1351 tollere,
411 1277 515 1354 plures
544 1295 698 1353 nusquam
726 1276 788 1335 iam
823 1276 897 1335 deos
924 1275 1015 1350 ullos
1044 1283 1263 1353 aeternamque

216 1400 244 1445 10
264 1383 351 1442 illam
380 1388 412 1441 et
439 1381 642 1440 novissimam
675 1387 797 1440 noctem
824 1381 940 1439 mundo
968 1381 1261 1458 interpretabantur.

262 1490 329 1547 Nec
364 1489 532 1546 defuerunt
567 1486 621 1562 qui
649 1485 731 1545 fietis
758 1486 962 1563 mentitisque
989 1487 1166 1548 terroribus
1196 1505 1265 1546 vera

263 1593 401 1671 pericula
429 1598 586 1667 augerent.
644 1591 784 1650 Aderant
812 1591 866 1668 qui
900 1591 1017 1650 Miseni
1045 1592 1130 1652 illud
1159 1594 1263 1666 ruisse,

262 1699 343 1757 illud
364 1699 481 1772 ardere,
497 1697 579 1756 falso
594 1697 648 1755 sed
667 1696 874 1770 credentibus,
890 1697 1086 1756 nuntiabant.
1134 1698 1265 1757 Paulum
1282 1710 1304 1753 n·

263 1805 395 1880 reluxit,
421 1805 504 1881 quod
528 1822 591 1862 non
613 1802 680 1862 dies
705 1802 795 1862 nobis
818 1803 873 1862 sed
894 1803 1096 1863 adventantis
1119 1803 1205 1880 ignis
1226 1804 1266 1862 in-

215 1924 243 1968 15
263 1911 379 1969 dicium
407 1910 580 1968 videbatur.
631 1909 673 1966 Et
701 1907 783 1983 ignis
805 1907 930 1984 quidem
958 1907 1082 1983 longius
1113 1909 1266 1983 substitit,

262 2016 407 2074 tenebrae
436 2034 551 2088 rursus,
574 2013 653 2072 cinis
681 2031 787 2072 rursus
816 2012 934 2072 multus
959 2019 991 2072 et
1011 2013 1128 2087 gravis.
1173 2016 1266 2073 Hune

262 2120 434 2178 identidem
476 2120 678 2193 adsurgentes
720 2117 969 2178 excutiebamus:
1005 2118 1108 2194 operti
1149 2120 1266 2197 alioqui

262 2232 355 2302 atque
383 2225 476 2282 etiam
506 2223 598 2282 oblisi
626 2224 760 2299 pondere
789 2241 934 2282 essemus.
977 2224 1106 2282 Possem
1139 2225 1265 2301 gloriari
1284 2237 1305 2281 n

261 2349 323 2387 non
346 2329 495 2403 gemitum
520 2328 607 2400 inihi,
623 2347 685 2385 non
707 2346 814 2387 vocem
837 2347 946 2404 parum
968 2328 1083 2386 fortem
1108 2329 1144 2388 in
1169 2331 1265 2390 tantis

213 2451 242 2496 20
262 2434 408 2511 periculis
430 2433 592 2506 excidisse,
607 2433 669 2490 nisi
687 2451 735 2490 me
753 2451 823 2491 cum
844 2432 997 2506 omnibus,
1013 2434 1121 2493 omnia
1144 2455 1265 2495 mecum

261 2539 362 2616 perire
390 2538 512 2612 misero,
535 2556 647 2613 magno
669 2543 774 2595 tamen
798 2537 1001 2597 mortalitatis
1030 2538 1148 2598 solacio
1172 2542 1265 2600 credi·

261 2645 385 2703 dissem.
436 2643 574 2701 Tandem
603 2642 661 2701 illa
688 2642 788 2717 caligo
813 2648 942 2701 tenuata
966 2642 1056 2718 quasi
1082 2643 1115 2701 in
1141 2645 1262 2704 fumum
1282 2659 1304 2705 18

261 2749 446 2808 nebulamve
468 2748 628 2807 discessit:
651 2766 724 2806 mox
745 2747 811 2806 dies
826 2765 927 2821 verus,
944 2746 989 2806 sol
1013 2747 1109 2807 etiam
1133 2750 1262 2825 effulsit,

260 2854 382 2913 luridus
405 2859 518 2927 tamen,
543 2852 644 2929 qualis
668 2871 744 2926 esse,
760 2871 830 2911 cum
852 2851 965 2926 deficit,
984 2852 1073 2912 solet.
1117 2854 1264 2915 Occursa

213 2978 241 3023 25
260 2959 336 3018 bant
361 2958 592 3034 trepidantibus
617 2957 718 3015 adhuc
741 2957 839 3017 oculis
862 2964 984 3016 mutata
1006 2958 1113 3018 omnia
1137 2960 1262 3039 altoque

260 3065 543 3138 cinere,tamqua1n
558 3062 639 3135 nive,
652 3063 793 3121 obducta.
835 3062 982 3137 Regressi
996 3063 1168 3139 Misenum,
1181 3085 1263 3125 cura·
1281 3083 1304 3127 1n

260 3170 301 3229 tis
324 3175 492 3244 utcumque
515 3167 694 3244 corporibus
716 3185 897 3243 suspensam
927 3167 1117 3245 dubiamque
1139 3179 1262 3230 noctem

260 3294 314 3351 spe
329 3294 364 3333 ac
380 3279 464 3331 metu
479 3272 646 3347 exegimus.
690 3273 795 3330 Metus
816 3272 1032 3348 praevalebat:
1055 3292 1129 3333 nam
1152 3282 1186 3336 et
1207 3283 1264 3336 tre·

259 3398 326 3436 mor
348 3385 448 3437 terrae
472 3377 689 3454 perseverabat
711 3383 743 3435 et
765 3376 905 3453 plerique
931 3376 1089 3454 lymphati
1115 3381 1263 3441 terrificis

212 3500 241 3543 ³0
260 3483 536 3543 vaticinationibus
565 3489 596 3541 et
624 3501 681 3541 sua
708 3488 739 3540 et
767 3482 869 3541 aliena
896 3482 980 3541 mala
1007 3482 1261 3546 ludificabantur.

259 3588 359 3647 Nobis
388 3594 493 3646 tamen
521 3607 560 3646 ne
588 3593 661 3645 tuno
690 3587 825 3663 quidem,
850 3606 1038 3664 quamquam
1066 3594 1099 3648 et
1121 3594 1263 3670 expertis
1281 3607 1307 3653 ao

259 3692 433 3768 periculum
456 3698 488 3750 et
515 3691 779 3769 exspectantibus,
803 3691 937 3750 abeundi
966 3692 1142 3770 consilium,
1166 3698 1265 3760 donee

1203 3916 1208 3944 l

1206 3952 1242 4126 l
