2664 4170
192 241 232 304 96
615 251 644 303 o.
667 253 766 303 rnnn

191 429 366 505 Utramque
380 428 470 502 colui,
483 434 647 506 utramque
658 428 772 504 dilexi;
787 435 890 488 utram
901 429 1000 505 magis
1012 430 1127 503 nescio,
1139 448 1197 489 nec
1216 441 1243 488 10

191 532 326 593 discerni
348 534 502 592 volebant.
546 534 735 594 Habuerunt
756 533 856 593 officia
879 553 949 593 mea
975 534 1010 592 in
1038 535 1195 610 secundis,

189 637 367 698 habuerunt
387 638 420 696 in
442 638 590 698 adversis.
633 639 700 715 Ego
725 638 874 698 solacium
898 639 1116 716 relegatarum,
1139 658 1196 715 ego

189 743 273 802 ultor
294 762 504 818 reversarum;
526 762 590 802 non
606 744 668 803 feci
685 749 790 803 tamen
808 743 905 821 paria,
920 750 1014 821 atque
1036 763 1073 803 eo
1094 743 1194 819 magis

155 848 270 907 thane
291 848 381 925 cupio
403 848 529 923 servari,
547 854 583 908 ut
602 848 680 907 mihi
700 848 842 908 solvendi
863 854 1004 927 tempora
1025 849 1192 926 supersint

190 953 230 1011 ln
250 952 301 1012 his
322 971 407 1012 eram
428 953 520 1027 curis,
544 972 613 1012 cum
639 954 803 1013 scriberem
826 954 866 1013 ad
887 959 937 1029 te,
966 972 1045 1030 quas
1068 953 1096 1014 si
1117 954 1193 1013 deus
1211 970 1235 1014 11

190 1058 304 1135 aliquis
319 1057 516 1134 ingaudium
531 1058 670 1133 verterit,
690 1059 728 1118 de
749 1064 835 1130 metu
855 1077 919 1116 non
939 1076 1061 1136 querar.
1105 1058 1191 1118 Vale.

599 1279 651 1340 oo.
680 1277 780 1357 (xx.)

441 1424 471 1474 C.
496 1424 640 1474 PLINIUS
663 1424 798 1475 TACITO
822 1423 889 1474 SUO
913 1424 938 1475 S.
1028 1501 1030 1504 y

302 1561 415 1609 Intereat
427 1559 459 1622 os
467 1560 549 1620 Pliny
561 1559 616 1609 aad
632 1559 739 1609 Tacitus
756 1559 786 1607 in
798 1559 861 1610 eccli
873 1558 971 1609 otter'a
981 1559 1078 1609 works.

229 1692 359 1751 Librum
379 1697 467 1750 tuum
489 1690 551 1765 legi
573 1696 604 1749 et
626 1709 719 1768 quam
741 1690 981 1765 diligentissime
996 1691 1086 1768 potui
1101 1692 1192 1751 adno
1209 1703 1220 1746 1

188 1798 255 1856 tavi
270 1815 349 1874 quae
364 1797 591 1869 commutanda,
607 1815 686 1872 quae
704 1795 868 1855 eximenda
888 1795 1064 1855 arbitrarer.
1108 1797 1190 1856 Nam

141 1916 169 1961 10
189 1908 220 1961 et
235 1921 291 1977 ego
306 1920 412 1960 verum
428 1901 530 1960 dicere
545 1901 675 1960 adsuevi
686 1907 717 1960 et
727 1907 763 1960 tu
774 1901 908 1961 libenter
919 1900 1036 1961 audire.
1079 1902 1190 1979 Neque

189 2008 272 2066 enim
294 2007 352 2065 ulli
375 2006 552 2083 patientius,
568 2007 838 2083 reprehenduntur
860 2025 954 2084 quam
977 2006 1032 2083 qui
1053 2007 1190 2066 maxime

188 2113 309 2172 laudari
324 2117 490 2170 merentur.
533 2112 626 2170 Nunc
641 2130 659 2171 a
672 2117 704 2170 te
718 2112 832 2171 librum
849 2130 952 2170 meum
974 2130 1045 2170 cum
1064 2113 1191 2171 adnota-

188 2218 326 2277 tionibus
351 2217 415 2276 tuis
440 2222 593 2293 exspecto.
637 2216 845 2291 Oiucundas,
874 2236 892 2275 0
919 2216 1065 2294 pulchras
1087 2217 1219 2277 vicesla

187 2324 287 2393 Quam
308 2341 356 2381 rne
379 2302 514 2381 delectat
533 2321 625 2397 quod,
642 2321 668 2380 si
688 2340 750 2397 qua
769 2321 902 2398 posteris
924 2340 998 2380 cura
1017 2322 1129 2397 nostri,
1144 2341 1190 2382 us-

140 2438 167 2482 15
188 2445 372 2504 quequaque
406 2426 583 2485 narrabitur
611 2445 673 2502 qua
700 2425 864 2485 concordia
891 2424 1095 2502 simplicitate
1129 2427 1190 2487 fide

187 2533 375 2592 vixerimus!
417 2532 489 2590 Erit
509 2550 613 2589 rarum
635 2537 666 2589 et
687 2530 809 2606 insigne
831 2531 908 2589 duos
930 2530 1071 2590 homines
1087 2537 1219 2593 aetates

187 2638 340 2715 dignitate
368 2637 590 2714 propemodum
615 2635 769 2712 aequales,
791 2655 853 2694 non
877 2635 996 2695 nullius
1017 2635 1051 2693 in
1071 2635 1189 2697 litteris

186 2743 320 2802 nominis
345 2742 448 2821 (cogor
469 2741 551 2799 enim
575 2741 612 2799 de
634 2747 665 2799 te
687 2759 809 2817 quoque
830 2741 954 2818 parcius
979 2741 1092 2816 dicere,
1116 2742 1190 2820 quia

187 2850 224 2908 de
240 2867 289 2906 me
305 2847 398 2907 simul
413 2846 506 2926 dico),
519 2845 651 2904 alterum
666 2845 795 2905 alterius
808 2846 912 2905 studia
926 2845 1051 2905 fovisse.
1095 2847 1190 2924 Equi·
1206 2858 1220 2901 4

138 2971 167 3015 20
187 2955 255 3012 dem
272 2951 534 3024 adulescentulus,
550 2969 618 3009 cum
638 2950 701 3009 iam
720 2956 756 3009 tu
773 2951 859 3009 fama
878 2950 1038 3028 gloriaque
1052 2950 1188 3026 floreres,

186 3064 217 3118 te
246 3056 342 3134 sequi,
365 3056 424 3115 tibi
445 3056 537 3131 longo
559 3056 613 3114 sed
634 3055 794 3132 proximus
823 3055 990 3116 intervallo
1011 3060 1043 3115 et
1064 3074 1134 3117 esse
1159 3063 1190 3116 et

185 3162 293 3223 haberi
315 3160 578 3238 concupiscebam.
621 3161 663 3218 Et
685 3165 773 3218 erant
794 3160 894 3220 multa
915 3159 1088 3220 clarissima
1107 3161 1191 3238 inge·

184 3269 254 3328 nia:
278 3269 332 3327 sed
347 3273 382 3326 tu
396 3266 475 3324 mihi
492 3265 551 3343 (ita
565 3264 739 3325 similitudo
753 3270 882 3324 naturae
900 3266 1035 3346 ferebat)
1052 3266 1189 3326 maxime

185 3372 358 3446 imitabilis,
394 3371 528 3430 maxime
563 3369 735 3429 imitandus
763 3369 928 3429 videbaris.
985 3371 1052 3441 Quo
1087 3372 1221 3448 magist

136 3503 164 3548 25
185 3479 304 3554 gaudeo
326 3477 417 3554 quod,
437 3476 463 3534 si
485 3476 555 3552 quis
577 3476 614 3534 de
637 3474 750 3534 studiis
773 3493 881 3548 sermo,
897 3494 960 3534 una
980 3475 1188 3552 nominamur,

184 3585 268 3661 quod
282 3584 320 3642 de
334 3589 366 3641 te
380 3581 580 3658 loquentibus
602 3580 709 3640 statim
731 3598 864 3639 occurre.
908 3581 975 3639 Nec
998 3581 1112 3641 desunt
1135 3583 1189 3660 qui

183 3689 308 3766 utrique
336 3692 477 3746 nostrum
505 3687 731 3764 praeferantur.
776 3686 837 3745 Sed
862 3705 928 3761 nos,
949 3686 1030 3744 nihil
1055 3686 1222 3748 interesto·
