2664 4170
432 251 694 301 rrrsruunnuu
718 252 754 303 11.
775 253 798 302 1.
1076 231 1116 294 21

115 421 212 480 etiam
227 421 296 480 foro
310 426 342 480 01
355 422 464 481 1001110
479 423 661 481 attulerunt.
705 423 865 484 Laudatus
887 429 935 483 est
955 442 974 483 a
990 424 1118 484 consule

115 527 261 586 Cornelio
276 527 399 585 Tacito:
423 546 493 585 narn
510 527 560 586 hic
576 547 738 604 supremus
756 528 904 588 felicitati
927 529 993 588 eius
1015 548 1118 588 cumu-

78 645 92 689 1
115 631 165 690 lus
191 633 329 705 accessit,
352 632 496 691 laudator
524 633 806 709 eloquentissimus.
849 635 892 693 Et
913 634 968 693 ille
989 635 1116 711 quidem

114 737 227 814 plenus
256 737 345 796 aunis
374 737 462 811 abiit,
484 737 596 814 plenus
624 738 803 813 honoribus,
826 739 890 798 illis
918 739 1014 799 etiarn
1039 760 1116 817 quos

114 842 287 901 recusavit:
313 842 403 901 nobis
425 847 530 901 tamen
551 843 745 919 quaerendus
766 862 802 903 ac
824 844 1046 905 desiderandus
1068 851 1151 905 0011

114 954 151 1006 ut
172 947 331 1024 exemplar
352 947 421 1006 aevi
444 947 565 1024 prioris,
581 947 659 1007 mihi
675 967 746 1007 vero
761 948 936 1026 praecipue,
952 950 1006 1026 qui
1025 950 1115 1009 illum

113 1071 178 1110 non
193 1051 292 1111 solum
308 1052 431 1129 publice
441 1058 592 1129 quantum
608 1053 784 1112 admirabar
795 1059 918 1113 tautum
930 1054 1114 1129 diligebam,

78 1171 94 1216 8
113 1157 250 1234 primum
272 1157 355 1234 quod
382 1157 507 1234 utrique
532 1158 640 1217 eadem
663 1158 755 1234 regio,
777 1159 950 1236 municipia
970 1158 1115 1235 finitima,

114 1262 183 1338 agri
211 1262 306 1321 etiam
334 1262 606 1340 possessionesque
635 1263 827 1337 coniunctae,
849 1270 1010 1341 praeterea
1033 1266 1115 1342 quod

113 1367 169 1426 1110
184 1366 262 1425 mihi
280 1372 364 1426 tutor
379 1367 506 1427 relictus
529 1368 687 1426 adfectum
708 1370 848 1445 parentis
870 1368 1021 1428 exhibuit.
1065 1371 1116 1429 Sic
1136 1387 1166 1431 10

114 1471 316 1531 candidatum
337 1491 387 1530 1110
409 1472 558 1548 suffragio
580 1473 712 1547 ornavit,
729 1474 773 1532 sic
795 1474 835 1532 ad
856 1493 962 1534 omues
983 1474 1115 1535 honores

113 1595 199 1637 meos
214 1595 253 1636 011
267 1577 439 1637 secessibus
459 1578 641 1653 accucurrit,
657 1597 725 1637 cum
742 1579 802 1637 iarn
820 1579 939 1655 pridem
962 1579 1116 1639 eiusmodi

113 1681 223 1741 officiis
251 1682 470 1757 renuntiasset,
494 1683 538 1742 sic
566 1682 622 1741 illo
650 1683 700 1742 die
722 1703 783 1760 quo
811 1685 985 1744 sacerdotes
1014 1684 1116 1744 solent

112 1786 275 1846 nominare
293 1806 369 1863 quos
392 1787 591 1862 dignissimos
614 1789 786 1847 sacerdotio
807 1789 949 1848 iudicant
970 1808 1018 1848 me
1041 1809 1116 1849 sem-

77 1908 94 1952 9
113 1912 169 1971 per
184 1893 372 1952 nominabat.
416 1893 498 1963 Quin
520 1893 614 1953 etiam
631 1893 663 1951 111
678 1893 735 1952 hac
750 1894 922 1953 novissima
935 1894 1115 1954 valetudine
1137 1909 1165 1953 11

114 1999 233 2058 veritus
255 2017 294 2056 ne
316 1999 398 2057 forte
420 1998 502 2057 inter
524 1998 746 2075 quinqueviros
767 2004 933 2074 crearetur,
949 1999 1003 2076 qui
1019 1999 1116 2058 minu-

114 2103 205 2163 endis
220 2103 355 2181 publicis
371 2103 548 2180 sumptibus
563 2103 679 2163 iudicio
695 2109 820 2163 senatus
836 2104 1115 2179 constituebantur,

113 2227 185 2268 cum
213 2209 262 2267 illi
282 2213 331 2268 101
352 2209 443 2268 amici
466 2227 554 2268 senes
575 2208 815 2285 consularesque
837 2198 1044 2286 superessent,
1066 2229 1115 2268 me

113 2313 208 2373 huius
236 2313 349 2374 aetatis
378 2333 433 2390 per
456 2333 548 2390 quem
570 2320 769 2374 excusaretur
790 2313 894 2390 elegit,
917 2313 967 2374 his
989 2315 1115 2392 quidem

64 2431 93 2476 10
113 2419 218 2478 verbis
235 2419 347 2478 ‘etiam
362 2418 389 2478 si
403 2417 503 2477 filiurn
519 2419 674 2493 haberem,
689 2419 748 2478 tibi
763 2419 962 2478 mandarem!
996 2420 1115 2490 Quibus
1136 2431 1165 2474 20

114 2543 153 2582 ex
168 2523 270 2583 causis
284 2541 410 2583 necesse
430 2529 477 2582 est
493 2528 652 2600 tamquam
673 2523 873 2582 immaturam
895 2531 1027 2583 mortem
1049 2524 1115 2584 cius

113 2629 148 2687 in
164 2628 235 2688 sinu
249 2633 303 2688 tuo
318 2627 465 2703 defleam,
482 2627 509 2686 si
523 2633 628 2687 tamen
644 2628 692 2688 fas
708 2633 757 2688 001
771 2634 825 2687 aut
840 2628 912 2688 flere
924 2635 979 2688 aut
990 2630 1116 2688 omnino

114 2740 246 2793 mortem
270 2752 390 2807 vocare,
412 2744 475 2810 qua
501 2733 584 2806 tanti
605 2733 666 2791 viri
695 2734 870 2793 mortalitas
898 2735 998 2810 magis
1025 2735 1117 2795 finita

64 2859 94 2903 11
115 2858 208 2916 quam
224 2839 291 2898 vita
305 2844 361 2899 001.
404 2838 494 2898 Vivit
508 2838 591 2897 enim
606 2838 753 2915 vivetque
770 2858 891 2916 semper
906 2846 999 2916 atque
1021 2840 1115 2899 etiam

115 2944 212 3004 latius
227 2943 260 3001 in
274 2943 424 3003 memoria
443 2942 606 3002 hominum
628 2950 659 3002 01
681 2962 820 3003 sermone
835 2945 1019 3018 versabitur,
1035 2951 1117 3021 post
1136 2960 1165 3004 21

64 3062 95 3107 12
115 3068 209 3126 quam
224 3049 264 3108 ab
278 3048 376 3108 oculis
391 3049 526 3108 recessit.
570 3048 665 3108 Volui
686 3049 745 3108 tibi
766 3050 867 3108 multa
889 3049 951 3108 alia
973 3050 1115 3125 scribere,

116 3155 171 3214 sed
186 3160 272 3213 totus
287 3154 408 3213 animus
423 3154 455 3211 in
470 3154 528 3212 hac
548 3172 612 3212 una
632 3154 895 3231 contemplatione
916 3154 1037 3215 defixus
1059 3161 1114 3215 001.

115 3259 300 3334 Verginium
315 3259 427 3334 cogit0,
442 3259 625 3333 Verginium
641 3259 741 3333 vidae,
753 3259 937 3334 Verginium
953 3260 1014 3319 iam
1026 3261 1116 3319 vanis

115 3364 315 3440 imaginibus,
341 3364 517 3423 recentibus
545 3370 659 3437 tamen,
689 3364 790 3438 audio,
820 3364 979 3441 adloquor,
1008 3371 1115 3440 teneo,

116 3470 167 3529 cui
181 3470 316 3529 fortasse
331 3469 415 3528 cives
429 3468 550 3546 aliquos
565 3468 735 3529 virtutibus
751 3487 840 3546 pares
862 3475 894 3527 01
914 3469 1064 3529 habemus
1086 3476 1118 3528 et
1137 3484 1167 3528 30

116 3575 310 3649 habebimus,
326 3574 425 3650 gloria
438 3575 603 3634 nemiuem.
646 3575 732 3635 Vale.
