2664 4170
502 247 763 298 urrsruanuuu
788 248 823 298 11.
844 248 867 298 a
1138 239 1179 302 23

175 420 280 498 opima
294 419 456 497 quaedam,
471 419 583 479 ueteris
598 419 675 478 vilia
689 425 722 478 et
735 418 857 479 minuta
877 422 1019 498 ponebat.
1063 421 1179 482 Vinum

174 527 269 586 etiarn
290 524 427 602 parvolis
443 524 618 600 lagunculis
633 525 666 583 in
680 525 744 585 tria
757 544 872 601 genera
892 526 1102 603 discripserat,
1117 547 1180 587 non

173 637 210 692 ut
223 636 365 709 potestas
380 630 525 707 eligendi,
542 630 596 690 sed
610 649 649 689 ne
664 631 713 690 ius
728 637 811 690 esset
826 632 998 705 recusandi,
1013 631 1101 692 aliud
1119 633 1179 693 sibi

173 743 206 796 et
227 737 326 811 nobis,
346 735 435 796 aliud
455 736 628 796 minoribus
649 736 757 796 amieis
780 736 866 815 (nam
887 737 1041 812 gradatim
1064 739 1179 798 amieos

136 858 152 902 3
172 843 293 922 habet),
309 842 397 901 aliud
415 840 481 901 suis
498 842 676 919 nostrisque
695 841 826 902 libertis.
869 841 1104 902 Animadvertit
1125 843 1179 920 qui
1200 856 1215 900 e

173 947 254 1006 mihi
274 946 434 1025 proximus
454 947 653 1006 recumbebat
674 952 706 1006 et
726 966 767 1006 an
788 947 949 1024 probarem
964 947 1177 1023 interrogavit.

172 1053 305 1128 Negavi.
349 1054 413 1112 ‘Tu
431 1052 521 1127 ergo’
538 1052 642 1129 inquit
664 1057 774 1130 ‘quarn
795 1053 1052 1112 consuetudinem
1075 1072 1180 1130 seque-

173 1159 263 1219 ris?’
306 1158 442 1218 ‘Eadem
464 1157 609 1217 omnibus
630 1176 728 1235 pono:
758 1157 799 1217 ad
819 1176 925 1217 cenam
948 1159 1040 1232 enim,
1056 1177 1118 1217 non
1140 1159 1179 1217 ad

173 1269 281 1323 notam
308 1264 409 1323 invito
437 1263 620 1340 armatisque
645 1263 737 1323 rebus
762 1281 900 1340 exaequo
921 1283 999 1340 quos
1020 1282 1128 1323 mensa
1148 1270 1180 1323 et

137 1375 243 1432 4t0r0
262 1368 413 1446 aequavi!
456 1368 619 1428 ‘Etiamne
641 1368 814 1428 libertos?’
858 1369 997 1428 ‘Etiamz
1026 1370 1180 1428 convicto
1200 1386 1229 1430 10

174 1493 224 1534 res
246 1474 328 1532 enim
350 1479 434 1547 tune,
456 1493 520 1532 non
540 1473 670 1533 libertos
692 1474 787 1550 puto'
829 1475 871 1533 Et
892 1474 947 1532 ille
969 1480 1099 1550 ‘magno
1121 1474 1179 1534 tibi

173 1579 342 1639 constat?'
385 1578 553 1638 ‘Minime'
595 1577 912 1656 ‘Quifieripotest?’
951 1579 1048 1650 ‘Quia
1059 1579 1180 1639 scilieet

173 1684 280 1744 liberti
295 1684 357 1743 mei
371 1703 434 1743 non
448 1684 532 1743 idern
547 1684 630 1761 quod
645 1703 702 1759 ego
715 1684 836 1759 bibunt,
852 1685 907 1745 sed
927 1685 1010 1743 idem
1025 1704 1082 1760 ego
1096 1685 1179 1762 quod

137 1813 152 1857 5
173 1790 300 1850 liberti’
342 1790 385 1849 Et
404 1789 532 1848 hercule
547 1789 574 1849 si
588 1789 679 1864 gulae
697 1795 861 1866 temperes,
876 1809 938 1849 non
953 1796 1002 1850 est
1016 1809 1178 1850 onerosum

174 1914 236 1973 quo
264 1895 363 1954 utaris
391 1894 458 1972 ipse
486 1895 713 1954 communicare
735 1913 804 1954 oum
826 1895 977 1972 pluribus.
1020 1895 1083 1954 Illa
1107 1914 1180 1972 ergo
1200 1909 1228 1953 15

174 2000 381 2078 reprimenda,
396 1998 454 2059 illa
467 1999 557 2077 quasi
572 1999 606 2058 in
619 2000 760 2059 ordinem
780 2000 950 2074 redigenda
963 2006 1020 2073 est,
1037 2000 1063 2060 si
1079 2021 1180 2078 sump

174 2105 260 2165 tibus
284 2123 403 2182 pareas,
429 2105 543 2181 quibus
572 2105 734 2183 aliquanto
761 2106 876 2165 rectius
904 2111 960 2164 tua
986 2105 1180 2166 continentia

137 2228 153 2273 6
175 2229 270 2289 quam
298 2210 402 2270 aliena
428 2209 617 2270 contumelia
643 2210 796 2270 consulas.
846 2210 984 2280 Quorsus
1008 2210 1111 2270 haee?
1140 2230 1179 2270 ne

174 2316 243 2391 tibi,
259 2316 395 2393 optimae
410 2314 525 2376 indolis
541 2315 657 2390 iuveni,
674 2316 869 2393 quorundam
884 2315 917 2374 in·
932 2335 1039 2376 mensa
1056 2316 1181 2376 luxuria

175 2421 279 2498 speeie
299 2421 493 2496 frugalitatis
515 2420 654 2498 inponat.
698 2420 854 2481 Convenit
868 2427 972 2480 autem
987 2422 1085 2480 amori
1099 2421 1132 2480 in
1148 2428 1179 2481 te
1199 2438 1229 2482 20

173 2544 253 2602 meo,
269 2525 414 2603 quotiens
429 2525 493 2585 tale
507 2526 629 2603 aliquid
643 2527 798 2599 insiderit,
815 2526 872 2585 sub
887 2526 1030 2604 exemplo
1045 2546 1180 2603 praemo

138 2650 248 2697 rnere
268 2631 345 2708 quid
367 2631 477 2690 debeas
495 2631 612 2706 fugere.
656 2631 759 2707 Igitur
787 2637 943 2690 memento
971 2631 1051 2689 nihil
1079 2632 1179 2706 magis

175 2755 243 2797 esse
266 2736 429 2796 vitandum
450 2755 542 2813 quam
566 2736 659 2796 istam
687 2736 829 2795 luxuriae
851 2742 883 2795 et
905 2737 1042 2796 sordium
1067 2755 1179 2795 novam

175 2841 374 2917 societatem3
400 2859 479 2918 quae
501 2860 572 2900 oum
594 2842 658 2901 sint
678 2841 863 2918 turpissima
883 2841 1018 2901 discreta
1039 2860 1074 2900 ae
1096 2860 1180 2918 sepa

175 2954 252 3022 rata,
267 2946 391 3025 turpius
405 2946 585 3023 iunguntur.
628 2946 715 3008 Vale.
1200 2965 1229 3009 25

576 3175 628 3234 21.
657 3172 778 3252 (vni.)

419 3320 449 3370 C.
475 3319 620 3369 PLINIUS
644 3318 794 3369 CANINIO
818 3319 885 3370 SUO
910 3319 938 3370 S.

231 3454 334 3507 Uuoble
346 3459 373 3505 to
385 3455 457 3505 leave
469 3460 548 3513 town,
563 3454 647 3514 Pliny
659 3455 746 3503 obvies
758 3454 801 3502 llis
807 3454 902 3515 friend
913 3455 942 3502 iu
955 3454 996 3504 clue
1009 3461 1126 3516 eottncry.

138 3607 152 3652 1
217 3586 331 3648 Studes
343 3605 383 3646 an
393 3585 524 3664 piscaris
536 3604 576 3644 an
587 3585 711 3645 venaris
723 3604 762 3644 an
774 3585 868 3646 simul
880 3585 1009 3645 omnia?
1043 3587 1180 3646 Possunt

175 3693 260 3754 enim
275 3691 380 3753 omnia
395 3691 489 3752 simul
505 3691 575 3750 fieri
596 3691 635 3751 ad
657 3691 785 3751 Larium
803 3698 953 3752 nostrum.
996 3692 1079 3751 Nam
1093 3691 1179 3751 lacus
