2664 4170
187 239 250 306 114
612 257 642 309 c.
663 255 764 307 mnu

186 426 317 488 tulisti?
359 428 432 488 Meo
447 429 573 507 quidem
595 428 712 489 iudicio
733 434 843 490 neuter
856 428 1045 507 culpandus,
1061 449 1184 508 quorum
1200 440 1213 485 a

186 539 317 611 uterque
337 535 378 594 ad
399 535 529 611 gloriam
550 534 620 613 pari
640 534 823 612 cupiditate,
841 535 967 596 diverso
988 536 1104 596 itinere
1124 555 1184 596 con-

186 640 299 715 tendit,
327 640 416 715 alter,
444 641 517 700 dum
547 641 668 718 expetit
696 639 819 701 debitos
846 640 968 716 titulos,
998 642 1089 717 alter,
1116 642 1183 700 dum
1277 654 1279 658 “

188 745 308 804 mavult
322 745 422 806 videri
437 747 669 824 contempsisse.
712 745 799 807 Vale.

584 1019 638 1080 ss.
666 1017 785 1098 (1111.)

406 1188 435 1237 C.
458 1188 602 1238 PLINIUS
625 1186 825 1238 SABINIANO
848 1186 917 1238 SUO
941 1187 968 1238 S.

414 1337 590 1386 Intercessioo
595 1336 645 1398 sor
656 1337 802 1397 opuntem
808 1335 960 1398 freedmau.

151 1493 166 1537 5
227 1482 371 1542 Libertus
393 1488 474 1557 tuno,
492 1481 543 1540 cui
565 1499 745 1541 suscensere
764 1486 797 1539 te
817 1479 952 1555 dixeras,
968 1481 1058 1540 venit
1080 1481 1122 1541 ad
1141 1499 1186 1540 me
1203 1491 1214 1535 1

186 1586 415 1663 advolutusque
430 1586 562 1663 pedibus
576 1586 655 1646 meis
669 1593 830 1663 tamquam
843 1585 907 1646 tuis
926 1584 1040 1646 haesit
1085 1586 1188 1646 Flevit

187 1692 330 1766 multum,
342 1692 476 1750 multum
488 1692 618 1767 rogavit,
630 1692 766 1751 multum
777 1691 872 1751 etiam
886 1691 995 1766 tacuit,
1008 1691 1044 1750 in
1058 1711 1189 1767 summa,

186 1798 263 1857 fecit
284 1798 362 1856 mihi
386 1796 480 1856 fidem
501 1797 720 1874 paenitentiae.
762 1798 844 1857 Vere
864 1796 957 1856 credo
976 1797 1191 1872 emendatum,

186 1904 261 1980 quia
284 1902 455 1979 deliquisse
480 1920 513 1962 se
541 1902 646 1961 sentit.
703 1901 861 1976 Irasceris,
886 1901 960 1976 scio,
984 1906 1018 1961 et
1044 1901 1226 1964 irascerisa

138 2022 166 2066 10
187 2009 306 2083 merito,
321 2009 355 2067 id
370 2027 492 2085 quoque
514 2008 593 2067 scio:
616 2008 672 2067 sed
692 2013 768 2066 tunc
788 2007 957 2085 praecipua
976 2009 1195 2069 mansuetudi-

187 2115 236 2174 nis
251 2115 411 2189 lanaeum
426 2113 490 2173 irae
501 2131 595 2174 causa
605 2113 780 2173 iustissima
790 2118 846 2173 est.
888 2112 1014 2173 Amasti
1028 2112 1196 2175 hominem
1216 2130 1231 2176 3

187 2225 227 2293 et,
251 2238 349 2296 spere,
371 2219 505 2278 amabis:
539 2218 664 2277 interim
691 2217 806 2278 sufficit
829 2222 866 2277 ut
888 2217 1010 2277 exorari
1034 2223 1066 2278 te
1094 2220 1194 2282 sinas.
1245 2199 1274 2214 ¹*

187 2325 308 2384 Licebit
325 2344 432 2384 rursus
455 2325 555 2398 irasci,
572 2324 598 2383 si
619 2324 776 2397 meruerit,
792 2324 877 2401 quod
896 2329 1042 2384 exoratus
1063 2342 1198 2387 excusa·

187 2431 250 2490 tius
264 2430 370 2490 facies.
414 2429 553 2488 Remitte
567 2429 689 2505 aliquid
700 2429 931 2490 adulescentiae
940 2428 1050 2507 ipsius,
1061 2431 1197 2493 remitte

139 2548 166 2592 15
187 2536 333 2609 lacrimis,
349 2535 474 2595 remitte
488 2534 702 2609 indulgentiae
717 2540 807 2594 tuae:
830 2554 870 2594 ne
884 2535 1013 2594 torseris
1031 2534 1138 2611 illum,
1154 2556 1196 2597 ne

187 2641 315 2700 torseris
329 2640 423 2700 etiam
438 2646 479 2699 te.
521 2639 689 2715 Torqueris
704 2640 796 2714 enim,
812 2658 882 2699 cum
898 2645 963 2700 tam
980 2639 1063 2700 lenis
1078 2639 1197 2703 irasce-
1218 2659 1234 2702 4

187 2749 238 2807 ris.
281 2747 397 2806 Vereor
411 2764 450 2804 ne
464 2745 572 2805 videar
586 2764 648 2804 non
663 2763 770 2820 rogare
785 2746 841 2805 sed
861 2764 977 2832 cogere,
994 2746 1021 2806 si
1043 2748 1196 2825 precibus

186 2854 253 2912 eius
268 2870 353 2911 meas
368 2852 506 2910 iunxere.
550 2851 682 2926 Iungam
696 2857 801 2910 tamen
816 2857 905 2911 tanto
919 2851 1043 2929 plenius
1060 2857 1093 2912 et
1116 2855 1196 2914 effu-
1265 2928 1273 2939 ⁰

187 2959 261 3030 sius,
276 2963 394 3034 quanto
411 2956 514 3034 ipsum
536 2957 637 3016 acrius
660 2956 859 3033 severiusque
880 2957 1025 3034 corripui,
1038 2957 1196 3021 destricte

137 3077 167 3122 20
187 3064 323 3123 minatus
338 3081 508 3138 numquam
523 3080 572 3120 me
586 3068 696 3138 postea
709 3067 897 3135 rogaturum.
940 3061 1010 3120 Hoc
1024 3061 1083 3138 illi,
1095 3083 1196 3141 quem

186 3169 297 3229 terreri
318 3167 489 3245 oportebat,
511 3167 570 3226 tibi
591 3186 654 3226 non
675 3167 766 3226 idem.
809 3166 893 3226 Nam
914 3167 1049 3227 fortasse
1073 3168 1196 3231 iterum

187 3275 309 3350 rogabo,
331 3272 504 3349 impetrabo
525 3273 654 3331 iterum:
681 3273 724 3331 sit
745 3272 836 3331 modo
856 3271 920 3331 tale
941 3276 978 3331 ut
997 3290 1107 3347 rogare
1130 3295 1195 3350 me,

187 3385 222 3439 ut
235 3383 393 3456 praestare
408 3382 439 3436 te
454 3378 568 3437 deceat
611 3376 697 3437 Vale.
