2664 4170
319 240 359 304 74
742 252 773 302 c.
792 253 892 302 eorm

318 425 426 499 gebat!
449 443 541 500 quam
557 424 705 498 studiose,
724 442 817 501 quam
837 423 1063 499 intellegenter
1084 423 1267 484 lectitabat!
1287 427 1315 480 ut

318 537 408 606 parde
430 529 645 605 custoditeque
666 529 809 588 ludebat!
852 528 920 597 Qua
940 527 997 587 illa
1018 529 1315 606 temperantiaque

319 634 479 710 patientia,
496 653 558 709 qua
574 634 669 692 etiam
690 633 867 692 constantia
887 633 1094 692 novissimam
1110 634 1315 693 valetudinem

318 739 410 797 tulit!
453 739 586 796 Medicis
607 738 843 814 obsequebatur,
867 756 1011 812 sororem,
1034 744 1163 815 patrem
1186 739 1316 798 adhorta

283 844 418 915 5batur,
444 844 605 920 ipsamque
629 862 661 902 se
687 843 872 902 destitutam
890 842 1037 920 corporis
1066 842 1193 903 viribus
1222 843 1315 918 vigore

319 949 415 1008 animi
438 949 620 1008 sustinebat.
664 947 871 1006 Duravithic
892 947 1062 1025 illiusque
1084 949 1127 1008 ad
1150 954 1315 1008 extremum

319 1074 374 1113 neo
390 1061 444 1113 aut
459 1054 560 1130 spatio
577 1053 767 1113 valetudinis
779 1058 834 1113 aut
847 1057 933 1112 metu
953 1052 1064 1113 mortis
1087 1053 1246 1113 infractus
1266 1058 1315 1125 est,

319 1180 380 1236 quo
395 1160 500 1236 plures
522 1159 741 1235 gravioresque
763 1158 851 1218 nobis
873 1176 982 1218 causas
1003 1157 1205 1235 relinqueret
1225 1166 1256 1218 et
1275 1159 1317 1217 de·

320 1265 426 1323 siderii
443 1271 474 1323 et
495 1264 619 1323 doloris.
664 1264 689 1324 O
712 1264 802 1323 triste
823 1263 916 1340 plane
937 1263 1148 1340 acerbumque
1171 1265 1317 1324 funuslo

271 1381 299 1424 10
319 1376 417 1428 morte
433 1370 502 1446 ipsa
515 1369 624 1428 mortis
645 1375 769 1446 tempus
791 1369 967 1444 indignius!
989 1368 1051 1427 iam
1075 1368 1240 1429 destinata
1259 1374 1318 1428 erat

319 1476 441 1549 egregio
462 1474 576 1548 iuveni,
592 1475 654 1533 iam
675 1475 792 1534 electus
813 1474 993 1551 nuptiarum
1015 1472 1093 1548 dies,
1110 1473 1176 1534 iam
1199 1493 1318 1534 nosve

318 1581 388 1638 cati.
440 1580 528 1649 Quod
549 1579 697 1653 gaudium
719 1598 780 1655 quc
801 1597 937 1638 maerore
959 1582 1116 1636 mutatum
1138 1582 1207 1638 est!
1251 1580 1318 1637 Non

319 1705 443 1762 possum
459 1685 633 1760 exprimere
648 1684 752 1743 verbis
767 1690 919 1760 quantum
935 1683 1039 1743 animo
1059 1683 1181 1744 vulnus
1205 1702 1319 1761 accepe

318 1791 386 1862 rim,
413 1809 482 1847 cum
511 1790 616 1847 audivi
642 1790 828 1847 Fundanum
854 1789 965 1867 ipsum,
991 1792 1027 1846 ut
1050 1788 1155 1847 multa
1181 1788 1320 1848 luctuosa

270 1909 297 1953 15
319 1896 406 1953 dolor
431 1895 560 1968 invenit,
583 1894 834 1971 praecipientem,
857 1894 940 1970 quod
963 1893 997 1951 in
1020 1898 1125 1953 vestes
1150 1894 1320 1971 margarita

319 2020 455 2076 gemmas
481 2001 585 2058 fuerat
613 2005 803 2074 erogaturus,
829 2000 886 2058 hoc
914 1999 948 2057 in
971 2003 1023 2058 tus
1046 2002 1078 2056 et
1103 2006 1269 2074 unguenta
1291 2004 1319 2058 et

269 2117 282 2139 ¹
318 2107 427 2164 odores
453 2106 681 2182 inpenderetur.
724 2105 783 2163 Est
807 2104 933 2180 quidem
960 2102 1016 2162 ille
1044 2103 1204 2183 eruditus
1220 2111 1252 2164 et
1279 2124 1320 2165 sa

318 2212 415 2288 piens,
432 2211 535 2286 utqui
552 2229 583 2268 se
599 2211 637 2269 ab
652 2211 779 2268 ineunte
801 2215 903 2268 aetate
924 2208 1086 2268 altioribus
1110 2209 1230 2270 studiis
1252 2210 1319 2270 arti-

245 2322 248 2329 ’
317 2319 436 2392 busque
452 2316 614 2389 dediderit,
628 2316 682 2374 sed
696 2335 778 2373 nunc
793 2315 897 2374 omnia
912 2332 991 2392 quae
1007 2313 1109 2373 audiit
1124 2333 1230 2392 saepe,
1244 2335 1318 2392 quae

268 2431 297 2475 20
318 2423 398 2480 dixit
413 2428 596 2497 aspernatur
611 2420 811 2497 expulsisque
833 2420 1003 2479 virtutibus
1025 2419 1096 2499 aliis
1119 2420 1252 2497 pietatis
1274 2426 1318 2481 est

317 2534 410 2586 totus.
442 2527 609 2602 agnosces,
626 2526 768 2585 laudabis
787 2526 890 2598 etiam,
907 2525 932 2585 si
950 2525 1138 2601 cogitaveris
1154 2527 1235 2602 quid
1249 2526 1319 2587 ami-

318 2633 402 2691 serit.
445 2631 563 2690 Amisit
591 2631 674 2688 enim
696 2630 795 2689 filiam
817 2649 895 2707 quae
916 2649 979 2689 non
1000 2630 1103 2690 minus
1126 2649 1231 2691 mores
1254 2632 1318 2692 eius

317 2758 410 2814 quam
439 2757 472 2796 os
501 2736 684 2812 vultumque
712 2737 867 2795 referebat
897 2741 1058 2812 totumque
1087 2742 1212 2813 patrem
1240 2737 1319 2797 mira

318 2842 525 2902 similitudine
554 2841 768 2917 exscripserat.
812 2840 948 2899 Proinde
974 2841 1000 2900 si
1023 2859 1101 2918 quas
1122 2842 1164 2901 ad
1185 2861 1260 2902 eum
1281 2844 1318 2902 de

267 2960 295 3003 25
317 2949 422 3006 dolore
437 2954 500 3005 tam
515 2947 598 3005 iusto
618 2946 740 3005 litteras
762 2945 878 3019 mittes,
894 2950 1049 3004 memento
1069 2945 1221 3007 adhibere
1244 2947 1319 3008 sola·

316 3053 406 3126 cium,
422 3072 484 3110 non
504 3050 593 3128 quasi
615 3050 848 3125 castigatorium
870 3057 901 3108 et
921 3050 1015 3110 nimis
1036 3050 1128 3125 forte,
1144 3052 1201 3111 sed
1223 3052 1317 3112 molle

316 3164 347 3216 et
362 3159 540 3216 humanum.
584 3157 672 3226 Quod
689 3162 725 3214 ut
746 3155 871 3215 facilius
894 3155 1041 3215 admittat
1061 3135 1198 3216 multum
1219 3158 1318 3218 faciet

299 3263 411 3339 ¹medii
426 3261 575 3339 temporis
591 3261 735 3338 spatium.
780 3263 826 3321 Ut
841 3261 924 3319 enim
937 3250 1068 3322 crudum
1082 3261 1186 3321 adhuc
1201 3263 1317 3324 vulnus

267 3390 269 3394 ·
315 3367 505 3427 medentium
521 3386 631 3426 manus
652 3366 843 3440 reformidat,
859 3366 971 3425 deinde
986 3366 1106 3444 patitur
1122 3372 1219 3444 atque
1233 3351 1328 3429 ultro¹

266 3484 295 3529 30
311 3473 455 3559 requirit,
478 3472 522 3531 sio
553 3490 660 3531 recens
682 3472 779 3531 animi
803 3471 890 3530 dolor
911 3471 1139 3544 consolationes
1167 3473 1261 3534 'reicit
1283 3493 1317 3535 ac

314 3578 441 3653 refugit,
457 3597 529 3635 mox
551 3577 709 3636 desiderat
731 3582 762 3634 et
783 3577 952 3635 clementer
973 3577 1106 3638 admotis
1128 3577 1315 3657 adquiescit.

314 3682 399 3742 Vale.
