2664 4170
607 281 639 332 C.
657 281 758 332 PLINI

598 474 651 534 19.
680 471 765 552 (iv.)

392 619 424 670 C.
448 619 595 669 PLINIUS
618 618 807 669 CALVINAE
831 619 926 669 SUAE
950 619 978 671 S.

183 756 265 817 Pliny
277 768 423 805 renouaeca
440 755 483 803 bis
499 755 594 804 claime
607 755 717 816 aquirat
734 754 776 803 tte
794 759 875 803 estate
888 754 921 816 os
932 753 1079 805 Calviaa’s
1091 756 1194 818 sotter.

224 887 256 946 Si
276 886 418 964 pluribus
436 892 526 962 pater
540 892 614 945 tuus
629 886 679 944 vel
694 885 750 944 uni
764 885 894 944 cuilibet
916 885 972 945 alii
994 905 1093 963 quam
1114 887 1193 946 mihi
1212 895 1221 938 1

183 992 351 1066 debuisset,
367 992 481 1051 fuisset
496 991 632 1050 fortasse
654 990 862 1050 dubitandum
883 1009 924 1049 an
945 990 1051 1052 adires
1074 992 1193 1051 heredi·

182 1103 279 1156 tatem
294 1097 388 1155 etiarn
405 1096 471 1154 viro
486 1115 621 1171 gravem.
665 1096 743 1156 Cum
759 1114 832 1154 vero
847 1114 904 1170 ego
918 1096 1033 1156 ductus
1049 1096 1194 1156 adfinita·
1210 1108 1223 1152 2

182 1203 224 1262 tis
239 1202 347 1276 officio,
364 1201 502 1260 dimissis
518 1201 661 1260 omnibus
676 1201 739 1278 qui,
752 1220 814 1259 non
829 1201 899 1260 dico
912 1200 1122 1278 molestiores,
1138 1204 1191 1264 sed

147 1324 161 1367 5
182 1308 397 1382 diligentiores
415 1312 513 1379 erant,
529 1306 664 1365 creditor
680 1306 764 1365 solus
779 1306 963 1381 exstiterim,
979 1325 1115 1386 cumque
1136 1327 1192 1384 ego

182 1413 312 1473 nubenti
334 1412 392 1471 tibi
414 1412 446 1470 in
469 1412 574 1470 dotem
597 1417 721 1470 centum
743 1411 833 1471 milia
853 1412 1041 1471 contulerim
1067 1419 1192 1491 praeter

182 1538 249 1579 earn
265 1536 418 1578 summam
433 1536 525 1594 quarn
545 1523 634 1594 pater
652 1522 725 1577 tuus
748 1517 838 1594 quasi
860 1518 898 1577 de
919 1536 988 1577 meo
1010 1518 1096 1578 dixit
1112 1519 1191 1598 (erat

183 1625 266 1684 enim
281 1622 432 1683 solvenda
454 1624 492 1682 de
514 1625 606 1702 meo),
625 1641 773 1698 magnum
795 1623 892 1682 habes
913 1623 1083 1685 facilitatis
1106 1644 1191 1685 meae

183 1731 306 1807 pignus,
322 1729 408 1788 cuius
425 1728 540 1787 fiducia
561 1729 654 1787 debes
675 1728 793 1788 famam
814 1728 958 1788 defuncti
974 1730 1190 1809 pudoremque

136 1847 163 1891 10
184 1835 357 1912 suscipere3
381 1836 420 1893 ad
435 1834 518 1911 quod
540 1853 578 1892 ne
600 1839 632 1892 te
652 1833 755 1893 verbis
771 1833 870 1910 magis
892 1853 986 1911 quam
1008 1836 1104 1897 rebus
1125 1837 1191 1896 hor-

184 1947 240 2016 ter,
256 1939 409 2017 quidquid
429 1939 508 1998 milri
531 1947 620 2016 pater
642 1944 715 1998 tuus
737 1939 855 2014 debuit,
871 1945 1032 2017 acceptum
1048 1940 1111 2002 tibi
1124 1941 1191 2000 fieri

184 2046 303 2106 iubebo.
347 2047 413 2104 Nec
435 2052 484 2105 est
505 2045 587 2122 quod
602 2044 738 2104 verearis
760 2063 799 2103 ne
822 2044 863 2120 sit
884 2044 963 2103 mihi
984 2064 1118 2108 onerosa
1132 2047 1192 2107 ista
1209 2059 1222 2103 3

184 2151 319 2212 donatio.
340 2209 342 2212 Α
363 2152 443 2210 Sunt
464 2151 589 2228 quidem
604 2150 730 2209 omnino
745 2150 834 2210 nobis
850 2151 989 2210 modicae
1010 2151 1191 2227 facultates,

185 2258 323 2333 dignitas
346 2261 537 2333 sumptuosa,
553 2255 672 2314 reditus
694 2261 821 2331 propter
841 2255 1057 2315 condicionem
1078 2258 1192 2335 agello

137 2380 165 2425 15
185 2383 254 2422 rum
275 2362 379 2422 nescio
393 2362 494 2420 minor
509 2381 549 2419 an
563 2360 726 2419 incertior:
750 2361 804 2419 sed
818 2361 903 2438 quod
916 2367 1018 2422 cessat
1033 2381 1071 2422 ex
1087 2364 1192 2423 reditu

185 2469 368 2545 frugalitate
385 2467 557 2544 suppletur,
570 2485 608 2524 ex
620 2485 681 2542 qua
693 2465 780 2524 velut
795 2466 883 2525 fonte
894 2466 1070 2527 liberalitas
1084 2474 1193 2529 nostra

186 2575 339 2649 decurrit,
363 2591 442 2650 quae
456 2578 562 2631 tamen
576 2572 621 2630 ita
636 2572 838 2647 temperanda
851 2576 900 2631 est
913 2590 952 2630 ne
967 2571 1067 2632 nimia
1086 2575 1192 2651 profu·
1208 2587 1222 2631 4

187 2680 271 2739 sione
293 2680 456 2752 inarescat,
473 2677 527 2737 sed
545 2678 749 2754 temperanda
764 2677 797 2734 in
811 2676 892 2751 aliis,
908 2677 941 2734 in
956 2683 987 2736 te
1003 2695 1077 2738 vero
1096 2679 1190 2739 facile

187 2785 267 2845 ratio
281 2784 446 2858 constabit,
463 2782 588 2842 etiamsi
603 2783 726 2841 modum
744 2782 920 2842 excesserit.
962 2782 1051 2843 Vale.

605 2995 657 3056 20.
687 2992 771 3073 (vr.)

448 3141 478 3192 C.
503 3141 646 3190 PLINIUS
670 3141 784 3189 AVlTO
808 3139 876 3191 SUO
900 3141 926 3191 S.

528 3275 553 3324 A
565 3275 663 3336 stator
676 3276 846 3325 eotcrtoiaer.

139 3429 169 3476 ao
228 3412 370 3486 Longum
386 3414 434 3469 est
449 3407 544 3468 altius
567 3413 715 3483 repetere,
731 3425 788 3466 nec
810 3408 908 3467 refert
928 3408 1191 3484 quemadmodum
1210 3421 1222 3467 1

189 3518 338 3578 acciderit
352 3521 387 3574 ut
400 3515 492 3573 homo
506 3512 635 3572 minime
657 3512 825 3572 familiaris
842 3531 983 3572 cenarem
999 3514 1083 3591 apud
1099 3533 1193 3593 quen·

189 3625 271 3698 dam,
292 3628 328 3681 ut
350 3621 410 3681 sibi
432 3619 605 3688 videbatur,
627 3619 746 3677 lautum
772 3624 804 3677 ct
832 3618 1024 3694 diligentem,
1047 3626 1083 3679 ut
1104 3620 1192 3696 mibi,

189 3728 349 3791 sordidum
373 3724 521 3786 simulet
544 3728 768 3800 sumptuosum.
825 3725 907 3783 Nam
936 3724 997 3784 sibi
1024 3730 1056 3785 et
1083 3725 1226 3804 paucist
