2664 4170
480 247 741 298 arrsrunnaun
764 247 827 298 vn.
845 248 887 298 rr.
1140 238 1180 304 97

176 439 248 480 mea
275 440 337 498 quo
364 421 440 496 loce,
469 420 642 496 iungimur:
674 439 747 480 nam
772 420 851 479 mihi
875 421 994 498 primus
1022 422 1075 499 qui
1104 441 1123 481 a
1149 428 1180 481 te

175 526 347 604 proximus.
390 525 586 596 Quinetiam
607 525 641 584 in
662 526 859 585 testamentis
880 526 974 586 debes
996 527 1178 587 adnotasse:

175 631 240 690 nisi
268 631 339 709 quis
367 631 449 690 forte
477 631 620 690 alterutri
653 637 795 690 nostrum
827 631 1043 706 amicissimus,
1072 633 1179 692 eadem

140 747 155 792 t
176 737 281 812 legata
304 742 336 796 et
360 736 488 814 quidem
516 736 633 814 pariter
660 737 838 814 accipimus.
880 737 966 807 Quae
991 738 1095 797 omnia
1118 737 1179 798 huc

176 847 321 919 spectant
345 847 381 900 ut
405 841 539 901 invicem
567 841 726 901 ardentius
755 841 933 917 diligamus,
955 861 1024 901 cum
1046 849 1094 902 tot
1113 843 1213 902 vin-c

176 946 256 1006 culis
283 965 340 1006 nos
368 947 481 1021 studia,
503 965 613 1021 mores
635 947 729 1022 fama,
751 964 897 1024 suprema
920 947 1055 1024 denique
1082 948 1179 1007 homi-

175 1071 252 1111 num
267 1052 384 1112 iudicia
397 1051 620 1128 constringant.
662 1052 749 1113 Vale.

550 1273 603 1335 ar.
632 1272 799 1353 (xxvrr.)

435 1417 467 1468 C.
490 1418 634 1469 PLINIUS
658 1418 779 1469 SURAE
803 1419 870 1470 SUO
894 1419 919 1470 S.

548 1550 610 1603 Two
622 1553 812 1615 altercatorias.

140 1694 154 1739 1
216 1686 259 1744 Et
273 1684 353 1743 mihi
368 1683 510 1744 discendi
522 1691 554 1744 et
569 1684 627 1744 tibi
642 1685 773 1745 docendi
784 1685 967 1745 facultatem
979 1685 1079 1744 otium
1093 1705 1177 1764 prae-

174 1791 238 1851 bet.
281 1790 384 1868 Igitur
408 1809 559 1868 perquam
580 1790 676 1849 velim
701 1790 788 1865 seire,
811 1808 878 1851 esse
903 1791 1124 1868 phantasmata
1145 1798 1177 1851 et

174 1897 291 1957 habere
315 1896 471 1973 propriam
500 1895 632 1972 figuram
658 1914 835 1973 numenque
863 1896 990 1973 aliquod
1018 1903 1109 1974 putes
1137 1916 1177 1956 an
1198 1909 1226 1954 10

138 2014 154 2058 2
174 2001 284 2061 inania
300 2006 332 2060 et
349 2020 430 2060 vana
447 2019 486 2060 ex
502 2007 588 2060 metu
604 2005 710 2060 uestro
731 2001 899 2076 imaginem
920 2001 1067 2079 accipere.
1110 2003 1177 2077 Ego

173 2112 211 2166 ut
231 2125 298 2167 esse
317 2107 441 2166 credam
462 2105 623 2183 inprimis
641 2106 789 2165 eoducor
810 2106 893 2183 quod
914 2107 1005 2165 audio
1027 2107 1177 2167 accidisse

174 2211 285 2272 Curtio
308 2212 400 2270 Rufo.
443 2211 559 2270 Tenuis
580 2210 682 2270 adhue
703 2216 735 2269 et
756 2211 903 2270 obscurus
924 2211 1079 2270 obtinenti
1095 2210 1178 2271 Afri-

174 2336 244 2377 cam
259 2335 361 2376 comes
375 2315 534 2380 haeserat:
557 2315 707 2374 inclinato
719 2315 769 2374 die
781 2315 975 2392 spatiabatur
989 2317 1021 2374 in
1037 2317 1174 2393 porticu:

174 2422 307 2481 offertur
321 2421 350 2481 ei
364 2421 505 2481 mulieris
519 2420 619 2496 figura
632 2420 770 2480 humana
784 2420 930 2495 grandior
942 2420 1174 2499 pulchriorque:
1197 2436 1224 2480 15

174 2527 343 2605 perterrito
370 2525 512 2585 Africam
540 2544 582 2600 se,
610 2525 788 2584 futurorum
821 2525 1048 2602 praenuntiam,
1077 2527 1175 2602 dixit;

173 2633 294 2692 iturum
315 2631 398 2690 enim
420 2633 551 2690 Romam
568 2631 762 2708 honoresque
784 2636 945 2706 gesturum
966 2637 1060 2708 atque
1081 2632 1177 2692 etiam

174 2757 245 2797 oum
268 2757 388 2798 summo
409 2738 540 2817 imperio
561 2739 594 2798 in
614 2740 744 2799 eandem
765 2740 956 2817 provinciam
979 2758 1176 2798 reversurum

138 2854 154 2900 3
174 2843 282 2920 ibique
303 2843 496 2903 moriturum.
539 2846 636 2904 Facta
657 2851 730 2906 sunt
751 2845 863 2904 omnia.
906 2845 1072 2904 Praeterea
1096 2863 1177 2903 acce-

174 2949 263 3008 denti
289 2948 509 3024 Carthaginem
531 2950 764 3027 egredientique
785 2969 865 3010 nave
886 2951 994 3010 eadem
1018 2949 1119 3024 figura
1143 2949 1176 3007 in
1195 2963 1224 3008 20

173 3055 267 3114 litore
289 3054 458 3114 occurrisse
479 3060 630 3114 narratur.
674 3055 747 3132 Ipse
768 3061 851 3114 certe
872 3054 1035 3132 inplicitus
1060 3055 1174 3130 morbo,

173 3160 285 3219 futura
314 3159 501 3238 praeteritis,
533 3161 664 3220 adversa
699 3160 842 3220 secundis
877 3165 1056 3235 auguratus,
1088 3179 1176 3237 spem

137 3264 287 3325 asalutis
316 3265 403 3324 nullo
434 3285 559 3325 suorum
588 3266 773 3342 desperante
804 3265 942 3343 proiecit.
999 3266 1068 3324 Iam
1095 3265 1177 3323 illud

173 3388 278 3429 nonne
298 3375 330 3428 et
347 3370 444 3446 magis
462 3371 602 3431 terribile
624 3377 655 3430 et
675 3390 738 3429 non
759 3371 863 3431 minus
885 3371 998 3429 mirum
1020 3376 1076 3445 est,
1092 3371 1175 3447 quod

137 3490 152 3534 t
173 3494 328 3553 exponam
353 3481 389 3534 ut
413 3477 544 3554 accepi?
594 3478 671 3535 Erat
695 3475 830 3536 Athenis
854 3476 992 3554 spatiosa
1019 3483 1051 3535 et
1078 3494 1176 3552 capax
1195 3492 1224 3537 25

173 3583 295 3656 domus,
315 3581 370 3641 sed
394 3581 522 3641 infamis
548 3587 579 3640 et
603 3580 762 3659 pestilens
805 3583 866 3641 Per
891 3581 1051 3642 silentium
1075 3581 1176 3640 noctis

173 3706 270 3748 sonus
286 3686 373 3762 ferri,
392 3692 423 3745 et
441 3687 468 3747 si
485 3687 663 3747 attenderes
679 3687 790 3763 acrius,
813 3686 964 3764 strepitus
981 3685 1177 3745 vinculorum
