<?xml version="1.0" encoding="UTF-8"?>
<!DOCTYPE html PUBLIC "-//W3C//DTD XHTML 1.0 Transitional//EN"
    "http://www.w3.org/TR/xhtml1/DTD/xhtml1-transitional.dtd">
<html xmlns="http://www.w3.org/1999/xhtml" xml:lang="en" lang="en">
 <head>
  <title>
</title>
<meta http-equiv="Content-Type" content="text/html;charset=utf-8" />
  <meta name='ocr-system' content='tesseract 3.04.00' />
  <meta name='ocr-capabilities' content='ocr_page ocr_carea ocr_par ocr_line ocrx_word'/>
</head>
<body>
  <div class='ocr_page' id='page_1' title='image "./cplinisecundiep02plingoog_0113.png"; bbox 0 0 2664 4170; ppageno 0'>
   <div class='ocr_carea' id='block_1_1' title="bbox 180 250 752 312">
    <p class='ocr_par' dir='ltr' id='par_1_1' title="bbox 180 250 752 312">
     <span class='ocr_line' id='line_1_1' title="bbox 180 250 752 312; baseline -0.009 0"><span class='ocrx_word' id='word_1_1' title='bbox 180 250 221 312; x_wconf 86' lang='grc'>66</span> <span class='ocrx_word' id='word_1_2' title='bbox 602 258 631 308; x_wconf 89' lang='lat' dir='ltr'>c.</span> <span class='ocrx_word' id='word_1_3' title='bbox 651 258 752 307; x_wconf 83' lang='lat' dir='ltr'>rnnu</span> 
     </span>
    </p>
   </div>
   <div class='ocr_carea' id='block_1_2' title="bbox 137 430 1215 2301">
    <p class='ocr_par' dir='ltr' id='par_1_2' title="bbox 137 430 1215 2301">
     <span class='ocr_line' id='line_1_2' title="bbox 180 430 1188 511; baseline -0.001 -20"><span class='ocrx_word' id='word_1_4' title='bbox 180 435 396 511; x_wconf 83' lang='lat' dir='ltr'>imperatorem</span> <span class='ocrx_word' id='word_1_5' title='bbox 435 432 573 491; x_wconf 89' lang='lat' dir='ltr'>Nervam</span> <span class='ocrx_word' id='word_1_6' title='bbox 607 450 670 489; x_wconf 96' lang='lat' dir='ltr'>non</span> <span class='ocrx_word' id='word_1_7' title='bbox 705 430 808 490; x_wconf 88' lang='lat' dir='ltr'>minus</span> <span class='ocrx_word' id='word_1_8' title='bbox 846 431 983 491; x_wconf 86' lang='lat' dir='ltr'>fortiter.</span> <span class='ocrx_word' id='word_1_9' title='bbox 1053 432 1188 492; x_wconf 79' lang='lat' dir='ltr'>Cenabat</span> 
     </span>
     <span class='ocr_line' id='line_1_3' title="bbox 180 535 1185 614; baseline -0.003 -17"><span class='ocrx_word' id='word_1_10' title='bbox 180 540 287 598; x_wconf 89' lang='lat' dir='ltr'>Nerva</span> <span class='ocrx_word' id='word_1_11' title='bbox 310 556 379 596; x_wconf 84' lang='lat' dir='ltr'>curn</span> <span class='ocrx_word' id='word_1_12' title='bbox 403 536 526 613; x_wconf 79' lang='lat' dir='ltr'>paucis:</span> <span class='ocrx_word' id='word_1_13' title='bbox 557 536 690 596; x_wconf 78' lang='lat' dir='ltr'>Veiento</span> <span class='ocrx_word' id='word_1_14' title='bbox 714 535 875 613; x_wconf 87' lang='lat' dir='ltr'>proximus</span> <span class='ocrx_word' id='word_1_15' title='bbox 902 542 1001 614; x_wconf 88' lang='lat' dir='ltr'>atque</span> <span class='ocrx_word' id='word_1_16' title='bbox 1033 538 1127 597; x_wconf 91' lang='lat' dir='ltr'>etiam</span> <span class='ocrx_word' id='word_1_17' title='bbox 1156 537 1185 594; x_wconf 90' lang='lat' dir='ltr'>in</span> 
     </span>
     <span class='ocr_line' id='line_1_4' title="bbox 181 641 1184 716; baseline -0.002 -14"><span class='ocrx_word' id='word_1_18' title='bbox 181 644 252 702; x_wconf 91' lang='lat' dir='ltr'>sinu</span> <span class='ocrx_word' id='word_1_19' title='bbox 273 643 485 702; x_wconf 83' lang='lat' dir='ltr'>recumbebat:</span> <span class='ocrx_word' id='word_1_20' title='bbox 516 642 581 700; x_wconf 86' lang='lat' dir='ltr'>dixi</span> <span class='ocrx_word' id='word_1_21' title='bbox 607 641 718 716; x_wconf 90' lang='lat' dir='ltr'>omnia,</span> <span class='ocrx_word' id='word_1_22' title='bbox 736 660 807 699; x_wconf 90' lang='lat' dir='ltr'>cum</span> <span class='ocrx_word' id='word_1_23' title='bbox 829 641 991 701; x_wconf 91' lang='lat' dir='ltr'>hominem</span> <span class='ocrx_word' id='word_1_24' title='bbox 1016 642 1184 702; x_wconf 85' lang='lat' dir='ltr'>nominavi.</span> 
     </span>
     <span class='ocr_line' id='line_1_5' title="bbox 182 746 1213 824; baseline -0.005 -17"><span class='ocrx_word' id='word_1_25' title='bbox 182 749 300 808; x_wconf 78' lang='lat' dir='ltr'>Incidit</span> <span class='ocrx_word' id='word_1_26' title='bbox 319 767 419 808; x_wconf 91' lang='lat' dir='ltr'>sermo</span> <span class='ocrx_word' id='word_1_27' title='bbox 436 748 474 806; x_wconf 90' lang='lat' dir='ltr'>de</span> <span class='ocrx_word' id='word_1_28' title='bbox 492 747 617 806; x_wconf 85' lang='lat' dir='ltr'>Catullo</span> <span class='ocrx_word' id='word_1_29' title='bbox 635 746 814 821; x_wconf 90' lang='lat' dir='ltr'>Messalino,</span> <span class='ocrx_word' id='word_1_30' title='bbox 830 747 885 824; x_wconf 92' lang='lat' dir='ltr'>qui</span> <span class='ocrx_word' id='word_1_31' title='bbox 906 746 1084 808; x_wconf 92' lang='lat' dir='ltr'>luminibus</span> <span class='ocrx_word' id='word_1_32' title='bbox 1106 748 1213 807; x_wconf 82' lang='lat' dir='ltr'>orba-5</span> 
     </span>
     <span class='ocr_line' id='line_1_6' title="bbox 147 851 1186 927; baseline -0.002 -13"><span class='ocrx_word' id='word_1_33' title='bbox 147 871 161 914; x_wconf 87' lang='lat'>5</span> <span class='ocrx_word' id='word_1_34' title='bbox 182 863 232 914; x_wconf 87' lang='lat' dir='ltr'>tus</span> <span class='ocrx_word' id='word_1_35' title='bbox 249 854 372 927; x_wconf 89' lang='lat' dir='ltr'>ingenio</span> <span class='ocrx_word' id='word_1_36' title='bbox 388 871 479 911; x_wconf 92' lang='lat' dir='ltr'>saevo</span> <span class='ocrx_word' id='word_1_37' title='bbox 501 852 584 911; x_wconf 84' lang='lat' dir='ltr'>mala</span> <span class='ocrx_word' id='word_1_38' title='bbox 601 851 760 912; x_wconf 86' lang='lat' dir='ltr'>caecitatis</span> <span class='ocrx_word' id='word_1_39' title='bbox 778 852 959 911; x_wconf 86' lang='lat' dir='ltr'>addiderat:</span> <span class='ocrx_word' id='word_1_40' title='bbox 982 872 1049 911; x_wconf 92' lang='lat' dir='ltr'>non</span> <span class='ocrx_word' id='word_1_41' title='bbox 1067 854 1186 913; x_wconf 83' lang='lat' dir='ltr'>vereba</span> 
     </span>
     <span class='ocr_line' id='line_1_7' title="bbox 182 957 1185 1036; baseline -0.003 -17"><span class='ocrx_word' id='word_1_42' title='bbox 182 969 242 1031; x_wconf 87' lang='lat' dir='ltr'>tur,</span> <span class='ocrx_word' id='word_1_43' title='bbox 268 978 328 1016; x_wconf 89' lang='lat' dir='ltr'>non</span> <span class='ocrx_word' id='word_1_44' title='bbox 352 958 561 1031; x_wconf 89' lang='lat' dir='ltr'>erubescebat,</span> <span class='ocrx_word' id='word_1_45' title='bbox 585 976 647 1015; x_wconf 93' lang='lat' dir='ltr'>non</span> <span class='ocrx_word' id='word_1_46' title='bbox 672 957 893 1032; x_wconf 87' lang='lat' dir='ltr'>miserebatur;</span> <span class='ocrx_word' id='word_1_47' title='bbox 925 977 989 1034; x_wconf 93' lang='lat' dir='ltr'>quo</span> <span class='ocrx_word' id='word_1_48' title='bbox 1018 959 1145 1036; x_wconf 84' lang='lat' dir='ltr'>saepius</span> <span class='ocrx_word' id='word_1_49' title='bbox 1168 977 1185 1016; x_wconf 89' lang='lat' dir='ltr'>a</span> 
     </span>
     <span class='ocr_line' id='line_1_8' title="bbox 183 1062 1185 1139; baseline -0.001 -17"><span class='ocrx_word' id='word_1_50' title='bbox 183 1065 363 1123; x_wconf 88' lang='lat' dir='ltr'>Domitiano</span> <span class='ocrx_word' id='word_1_51' title='bbox 387 1082 449 1120; x_wconf 89' lang='lat' dir='ltr'>non</span> <span class='ocrx_word' id='word_1_52' title='bbox 474 1081 561 1122; x_wconf 91' lang='lat' dir='ltr'>secus</span> <span class='ocrx_word' id='word_1_53' title='bbox 586 1081 621 1120; x_wconf 85' lang='lat' dir='ltr'>ac</span> <span class='ocrx_word' id='word_1_54' title='bbox 646 1062 719 1135; x_wconf 91' lang='lat' dir='ltr'>tela,</span> <span class='ocrx_word' id='word_1_55' title='bbox 738 1080 817 1138; x_wconf 90' lang='lat' dir='ltr'>quae</span> <span class='ocrx_word' id='word_1_56' title='bbox 839 1062 961 1139; x_wconf 90' lang='lat' dir='ltr'>etipsa</span> <span class='ocrx_word' id='word_1_57' title='bbox 980 1082 1076 1122; x_wconf 88' lang='lat' dir='ltr'>caeca</span> <span class='ocrx_word' id='word_1_58' title='bbox 1097 1064 1185 1123; x_wconf 86' lang='lat' dir='ltr'>etin·</span> 
     </span>
     <span class='ocr_line' id='line_1_9' title="bbox 183 1167 1183 1247; baseline -0.001 -20"><span class='ocrx_word' id='word_1_59' title='bbox 183 1170 315 1247; x_wconf 91' lang='lat' dir='ltr'>provida</span> <span class='ocrx_word' id='word_1_60' title='bbox 336 1169 488 1240; x_wconf 87' lang='lat' dir='ltr'>feruntur,</span> <span class='ocrx_word' id='word_1_61' title='bbox 509 1167 541 1225; x_wconf 91' lang='lat' dir='ltr'>in</span> <span class='ocrx_word' id='word_1_62' title='bbox 563 1167 715 1243; x_wconf 90' lang='lat' dir='ltr'>optimum</span> <span class='ocrx_word' id='word_1_63' title='bbox 736 1185 891 1244; x_wconf 89' lang='lat' dir='ltr'>quemque</span> <span class='ocrx_word' id='word_1_64' title='bbox 912 1169 1183 1246; x_wconf 85' lang='lat' dir='ltr'>contorquebatur.</span> 
     </span>
     <span class='ocr_line' id='line_1_10' title="bbox 184 1272 1214 1350; baseline -0.002 -18"><span class='ocrx_word' id='word_1_65' title='bbox 184 1277 230 1332; x_wconf 90' lang='lat' dir='ltr'>De</span> <span class='ocrx_word' id='word_1_66' title='bbox 246 1275 338 1333; x_wconf 91' lang='lat' dir='ltr'>huius</span> <span class='ocrx_word' id='word_1_67' title='bbox 353 1274 495 1350; x_wconf 91' lang='lat' dir='ltr'>nequitia</span> <span class='ocrx_word' id='word_1_68' title='bbox 509 1273 779 1350; x_wconf 83' lang='lat' dir='ltr'>sanguinariisque</span> <span class='ocrx_word' id='word_1_69' title='bbox 794 1272 959 1331; x_wconf 87' lang='lat' dir='ltr'>sententiis</span> <span class='ocrx_word' id='word_1_70' title='bbox 975 1273 1009 1331; x_wconf 91' lang='lat' dir='ltr'>in</span> <span class='ocrx_word' id='word_1_71' title='bbox 1023 1292 1185 1332; x_wconf 89' lang='lat' dir='ltr'>commune</span> <span class='ocrx_word' id='word_1_72' title='bbox 1202 1280 1214 1325; x_wconf 84' lang='grc'><strong>6</strong></span> 
     </span>
     <span class='ocr_line' id='line_1_11' title="bbox 137 1378 1187 1456; baseline -0.001 -20"><span class='ocrx_word' id='word_1_73' title='bbox 137 1393 165 1436; x_wconf 90' lang='lat'>10</span> <span class='ocrx_word' id='word_1_74' title='bbox 184 1399 290 1438; x_wconf 91' lang='lat' dir='ltr'>omnes</span> <span class='ocrx_word' id='word_1_75' title='bbox 319 1398 411 1454; x_wconf 86' lang='lat' dir='ltr'>super</span> <span class='ocrx_word' id='word_1_76' title='bbox 439 1397 546 1437; x_wconf 87' lang='lat' dir='ltr'>cenam</span> <span class='ocrx_word' id='word_1_77' title='bbox 576 1379 790 1454; x_wconf 87' lang='lat' dir='ltr'>loquebantur,</span> <span class='ocrx_word' id='word_1_78' title='bbox 820 1396 888 1436; x_wconf 91' lang='lat' dir='ltr'>cum</span> <span class='ocrx_word' id='word_1_79' title='bbox 919 1378 988 1454; x_wconf 91' lang='lat' dir='ltr'>ipse</span> <span class='ocrx_word' id='word_1_80' title='bbox 1017 1379 1187 1456; x_wconf 90' lang='lat' dir='ltr'>imperator</span> 
     </span>
     <span class='ocr_line' id='line_1_12' title="bbox 186 1482 1187 1562; baseline -0.001 -20"><span class='ocrx_word' id='word_1_81' title='bbox 186 1485 279 1562; x_wconf 86' lang='lat' dir='ltr'>‘quid</span> <span class='ocrx_word' id='word_1_82' title='bbox 301 1490 447 1560; x_wconf 90' lang='lat' dir='ltr'>putamus</span> <span class='ocrx_word' id='word_1_83' title='bbox 472 1503 636 1560; x_wconf 90' lang='lat' dir='ltr'>passurum</span> <span class='ocrx_word' id='word_1_84' title='bbox 662 1483 769 1557; x_wconf 85' lang='lat' dir='ltr'>fuisse,</span> <span class='ocrx_word' id='word_1_85' title='bbox 797 1483 824 1542; x_wconf 89' lang='lat' dir='ltr'>si</span> <span class='ocrx_word' id='word_1_86' title='bbox 849 1482 1014 1541; x_wconf 83' lang='lat' dir='ltr'>viveret?&#39;</span> <span class='ocrx_word' id='word_1_87' title='bbox 1046 1491 1080 1543; x_wconf 90' lang='lat' dir='ltr'>et</span> <span class='ocrx_word' id='word_1_88' title='bbox 1105 1486 1187 1542; x_wconf 86' lang='lat' dir='ltr'>Mau·</span> 
     </span>
     <span class='ocr_line' id='line_1_13' title="bbox 186 1587 1215 1663; baseline -0.001 -16"><span class='ocrx_word' id='word_1_89' title='bbox 186 1591 267 1649; x_wconf 89' lang='lat' dir='ltr'>ricus</span> <span class='ocrx_word' id='word_1_90' title='bbox 293 1589 470 1647; x_wconf 82' lang='lat' dir='ltr'>‘nobiscum</span> <span class='ocrx_word' id='word_1_91' title='bbox 495 1589 638 1647; x_wconf 66' lang='lat' dir='ltr'>cenaret!</span> <span class='ocrx_word' id='word_1_92' title='bbox 681 1588 819 1663; x_wconf 86' lang='lat' dir='ltr'>Longius</span> <span class='ocrx_word' id='word_1_93' title='bbox 846 1587 918 1661; x_wconf 87' lang='lat' dir='ltr'>abii,</span> <span class='ocrx_word' id='word_1_94' title='bbox 944 1587 1048 1647; x_wconf 91' lang='lat' dir='ltr'>libens</span> <span class='ocrx_word' id='word_1_95' title='bbox 1075 1591 1215 1648; x_wconf 78' lang='lat' dir='ltr'>tamenl</span> 
     </span>
     <span class='ocr_line' id='line_1_14' title="bbox 185 1692 1188 1770; baseline -0.001 -18"><span class='ocrx_word' id='word_1_96' title='bbox 185 1694 309 1753; x_wconf 87' lang='lat' dir='ltr'>Placuit</span> <span class='ocrx_word' id='word_1_97' title='bbox 326 1712 425 1767; x_wconf 90' lang='lat' dir='ltr'>agona</span> <span class='ocrx_word' id='word_1_98' title='bbox 443 1693 522 1767; x_wconf 93' lang='lat' dir='ltr'>tolli,</span> <span class='ocrx_word' id='word_1_99' title='bbox 538 1694 591 1770; x_wconf 93' lang='lat' dir='ltr'>qui</span> <span class='ocrx_word' id='word_1_100' title='bbox 612 1712 713 1752; x_wconf 89' lang='lat' dir='ltr'>mores</span> <span class='ocrx_word' id='word_1_101' title='bbox 729 1692 954 1752; x_wconf 86' lang='lat' dir='ltr'>Viennensium</span> <span class='ocrx_word' id='word_1_102' title='bbox 973 1693 1140 1768; x_wconf 87' lang='lat' dir='ltr'>infecerat,</span> <span class='ocrx_word' id='word_1_103' title='bbox 1155 1700 1188 1752; x_wconf 92' lang='lat' dir='ltr'>ut</span> 
     </span>
     <span class='ocr_line' id='line_1_15' title="bbox 186 1797 1188 1876; baseline 0.002 -19"><span class='ocrx_word' id='word_1_104' title='bbox 186 1805 291 1857; x_wconf 88' lang='lat' dir='ltr'>noster</span> <span class='ocrx_word' id='word_1_105' title='bbox 305 1799 356 1857; x_wconf 91' lang='lat' dir='ltr'>hic</span> <span class='ocrx_word' id='word_1_106' title='bbox 373 1799 519 1856; x_wconf 92' lang='lat' dir='ltr'>omnium.</span> <span class='ocrx_word' id='word_1_107' title='bbox 562 1800 644 1857; x_wconf 89' lang='lat' dir='ltr'>Nam</span> <span class='ocrx_word' id='word_1_108' title='bbox 661 1797 886 1857; x_wconf 91' lang='lat' dir='ltr'>Viennensium</span> <span class='ocrx_word' id='word_1_109' title='bbox 905 1797 985 1856; x_wconf 92' lang='lat' dir='ltr'>vitia</span> <span class='ocrx_word' id='word_1_110' title='bbox 1002 1797 1090 1858; x_wconf 89' lang='lat' dir='ltr'>intra</span> <span class='ocrx_word' id='word_1_111' title='bbox 1107 1800 1188 1876; x_wconf 91' lang='lat' dir='ltr'>ipsos</span> 
     </span>
     <span class='ocr_line' id='line_1_16' title="bbox 139 1902 1188 1981; baseline -0.001 -18"><span class='ocrx_word' id='word_1_112' title='bbox 139 1920 166 1964; x_wconf 86' lang='lat'>15</span> <span class='ocrx_word' id='word_1_113' title='bbox 185 1909 336 1981; x_wconf 86' lang='lat' dir='ltr'>residunt,</span> <span class='ocrx_word' id='word_1_114' title='bbox 362 1914 469 1966; x_wconf 87' lang='lat' dir='ltr'>nostra</span> <span class='ocrx_word' id='word_1_115' title='bbox 493 1906 556 1964; x_wconf 92' lang='lat' dir='ltr'>late</span> <span class='ocrx_word' id='word_1_116' title='bbox 581 1909 742 1979; x_wconf 83' lang='lat' dir='ltr'>vagantur,</span> <span class='ocrx_word' id='word_1_117' title='bbox 764 1909 861 1980; x_wconf 89' lang='lat' dir='ltr'>utque</span> <span class='ocrx_word' id='word_1_118' title='bbox 885 1902 919 1960; x_wconf 91' lang='lat' dir='ltr'>in</span> <span class='ocrx_word' id='word_1_119' title='bbox 940 1904 1126 1980; x_wconf 86' lang='lat' dir='ltr'>corporibus</span> <span class='ocrx_word' id='word_1_120' title='bbox 1148 1905 1188 1964; x_wconf 93' lang='lat' dir='ltr'>sic</span> 
     </span>
     <span class='ocr_line' id='line_1_17' title="bbox 186 2008 1190 2090; baseline -0.004 -19"><span class='ocrx_word' id='word_1_121' title='bbox 186 2015 217 2072; x_wconf 91' lang='lat' dir='ltr'>in</span> <span class='ocrx_word' id='word_1_122' title='bbox 236 2013 366 2090; x_wconf 91' lang='lat' dir='ltr'>imperio</span> <span class='ocrx_word' id='word_1_123' title='bbox 384 2011 586 2088; x_wconf 88' lang='lat' dir='ltr'>gravissimus</span> <span class='ocrx_word' id='word_1_124' title='bbox 605 2015 654 2069; x_wconf 92' lang='lat' dir='ltr'>est</span> <span class='ocrx_word' id='word_1_125' title='bbox 669 2009 793 2068; x_wconf 88' lang='lat' dir='ltr'>morbus</span> <span class='ocrx_word' id='word_1_126' title='bbox 815 2008 869 2085; x_wconf 93' lang='lat' dir='ltr'>qui</span> <span class='ocrx_word' id='word_1_127' title='bbox 886 2026 904 2067; x_wconf 88' lang='lat' dir='ltr'>a</span> <span class='ocrx_word' id='word_1_128' title='bbox 921 2008 1025 2085; x_wconf 88' lang='lat' dir='ltr'>capite</span> <span class='ocrx_word' id='word_1_129' title='bbox 1043 2009 1190 2069; x_wconf 87' lang='lat' dir='ltr'>diffundi-</span> 
     </span>
     <span class='ocr_line' id='line_1_18' title="bbox 186 2117 374 2177; baseline -0.011 0"><span class='ocrx_word' id='word_1_130' title='bbox 186 2124 244 2177; x_wconf 87' lang='lat' dir='ltr'>tur.</span> <span class='ocrx_word' id='word_1_131' title='bbox 288 2117 374 2177; x_wconf 92' lang='lat' dir='ltr'>Vale.</span> 
     </span>
     <span class='ocr_line' id='line_1_19' title="bbox 568 2222 798 2301; baseline -0.013 -17"><span class='ocrx_word' id='word_1_132' title='bbox 568 2225 620 2284; x_wconf 80' lang='lat'>53.</span> <span class='ocrx_word' id='word_1_133' title='bbox 651 2222 798 2301; x_wconf 85' lang='lat' dir='ltr'>(XXIV.)</span> 
     </span>
    </p>
   </div>
   <div class='ocr_carea' id='block_1_3' title="bbox 355 2367 1017 2421">
    <p class='ocr_par' dir='ltr' id='par_1_3' title="bbox 355 2367 1017 2421">
     <span class='ocr_line' id='line_1_20' title="bbox 355 2367 1017 2421; baseline -0.005 0"><span class='ocrx_word' id='word_1_134' title='bbox 355 2372 385 2421; x_wconf 87' lang='lat' dir='ltr'>C.</span> <span class='ocrx_word' id='word_1_135' title='bbox 409 2370 552 2420; x_wconf 83' lang='lat' dir='ltr'>PLINIUS</span> <span class='ocrx_word' id='word_1_136' title='bbox 576 2369 686 2417; x_wconf 81' lang='lat' dir='ltr'>FABIO</span> <span class='ocrx_word' id='word_1_137' title='bbox 711 2367 875 2416; x_wconf 83' lang='lat' dir='ltr'>VALENTI</span> <span class='ocrx_word' id='word_1_138' title='bbox 898 2368 966 2418; x_wconf 89' lang='lat' dir='ltr'>SUO</span> <span class='ocrx_word' id='word_1_139' title='bbox 990 2368 1017 2418; x_wconf 88' lang='lat' dir='ltr'>S.</span> 
     </span>
    </p>
   </div>
   <div class='ocr_carea' id='block_1_4' title="bbox 284 2503 1099 2572">
    <p class='ocr_par' dir='ltr' id='par_1_4' title="bbox 284 2503 1099 2572">
     <span class='ocr_line' id='line_1_21' title="bbox 284 2503 1099 2572; baseline -0.011 -11"><span class='ocrx_word' id='word_1_140' title='bbox 284 2512 365 2561; x_wconf 79' lang='lat' dir='ltr'>Greur</span> <span class='ocrx_word' id='word_1_141' title='bbox 376 2512 491 2572; x_wconf 73' lang='lat' dir='ltr'>clicupcs</span> <span class='ocrx_word' id='word_1_142' title='bbox 503 2510 574 2557; x_wconf 81' lang='lat' dir='ltr'>sz&#39;ucc</span> <span class='ocrx_word' id='word_1_143' title='bbox 589 2508 671 2566; x_wconf 78' lang='lat' dir='ltr'>Pliny</span> <span class='ocrx_word' id='word_1_144' title='bbox 685 2506 768 2567; x_wconf 67' lang='lat' dir='ltr'>began</span> <span class='ocrx_word' id='word_1_145' title='bbox 781 2509 806 2553; x_wconf 81' lang='lat' dir='ltr'>to</span> <span class='ocrx_word' id='word_1_146' title='bbox 816 2505 932 2564; x_wconf 73' lang='lat' dir='ltr'>practice</span> <span class='ocrx_word' id='word_1_147' title='bbox 944 2509 972 2552; x_wconf 80' lang='lat' dir='ltr'>ct</span> <span class='ocrx_word' id='word_1_148' title='bbox 984 2503 1028 2552; x_wconf 82' lang='lat' dir='ltr'>tbc</span> <span class='ocrx_word' id='word_1_149' title='bbox 1042 2504 1099 2554; x_wconf 82' lang='lat' dir='ltr'>tur.</span> 
     </span>
    </p>
   </div>
   <div class='ocr_carea' id='block_1_5' title="bbox 140 2634 1225 3770">
    <p class='ocr_par' dir='ltr' id='par_1_5' title="bbox 140 2634 1221 3239">
     <span class='ocr_line' id='line_1_22' title="bbox 228 2634 1219 2718; baseline -0.009 -15"><span class='ocrx_word' id='word_1_150' title='bbox 228 2644 374 2703; x_wconf 87' lang='lat' dir='ltr'>Proxime</span> <span class='ocrx_word' id='word_1_151' title='bbox 392 2662 460 2702; x_wconf 89' lang='lat' dir='ltr'>cum</span> <span class='ocrx_word' id='word_1_152' title='bbox 479 2640 562 2718; x_wconf 89' lang='lat' dir='ltr'>apud</span> <span class='ocrx_word' id='word_1_153' title='bbox 580 2636 789 2697; x_wconf 77' lang='lat' dir='ltr'>centumviros</span> <span class='ocrx_word' id='word_1_154' title='bbox 806 2635 839 2692; x_wconf 90' lang='lat' dir='ltr'>in</span> <span class='ocrx_word' id='word_1_155' title='bbox 857 2634 1056 2711; x_wconf 87' lang='lat' dir='ltr'>quadruplici</span> <span class='ocrx_word' id='word_1_156' title='bbox 1074 2635 1191 2696; x_wconf 88' lang='lat' dir='ltr'>iudicio</span> <span class='ocrx_word' id='word_1_157' title='bbox 1210 2651 1219 2694; x_wconf 92' lang='lat'>1</span> 
     </span>
     <span class='ocr_line' id='line_1_23' title="bbox 188 2740 1191 2821; baseline -0.007 -14"><span class='ocrx_word' id='word_1_158' title='bbox 188 2750 347 2821; x_wconf 81' lang='lat' dir='ltr'>dixissem,</span> <span class='ocrx_word' id='word_1_159' title='bbox 367 2748 463 2807; x_wconf 90' lang='lat' dir='ltr'>subiit</span> <span class='ocrx_word' id='word_1_160' title='bbox 485 2744 657 2804; x_wconf 88' lang='lat' dir='ltr'>recordatio</span> <span class='ocrx_word' id='word_1_161' title='bbox 679 2741 778 2816; x_wconf 83' lang='lat' dir='ltr'>egisse</span> <span class='ocrx_word' id='word_1_162' title='bbox 800 2759 849 2799; x_wconf 92' lang='lat' dir='ltr'>me</span> <span class='ocrx_word' id='word_1_163' title='bbox 871 2740 1014 2798; x_wconf 89' lang='lat' dir='ltr'>iuvenem</span> <span class='ocrx_word' id='word_1_164' title='bbox 1037 2759 1138 2817; x_wconf 90' lang='lat' dir='ltr'>aeque</span> <span class='ocrx_word' id='word_1_165' title='bbox 1160 2742 1191 2799; x_wconf 93' lang='lat' dir='ltr'>in</span> 
     </span>
     <span class='ocr_line' id='line_1_24' title="bbox 140 2844 1221 2931; baseline -0.009 -19"><span class='ocrx_word' id='word_1_166' title='bbox 140 2869 168 2912; x_wconf 78' lang='lat' dir='ltr'>no</span> <span class='ocrx_word' id='word_1_167' title='bbox 188 2854 393 2931; x_wconf 87' lang='lat' dir='ltr'>quadruplici.</span> <span class='ocrx_word' id='word_1_168' title='bbox 436 2851 593 2910; x_wconf 90' lang='lat' dir='ltr'>Processit</span> <span class='ocrx_word' id='word_1_169' title='bbox 615 2849 746 2920; x_wconf 90' lang='lat' dir='ltr'>animus,</span> <span class='ocrx_word' id='word_1_170' title='bbox 769 2853 804 2904; x_wconf 87' lang='lat' dir='ltr'>ut</span> <span class='ocrx_word' id='word_1_171' title='bbox 826 2844 913 2919; x_wconf 88' lang='lat' dir='ltr'>solet,</span> <span class='ocrx_word' id='word_1_172' title='bbox 936 2844 1078 2920; x_wconf 89' lang='lat' dir='ltr'>longius:</span> <span class='ocrx_word' id='word_1_173' title='bbox 1102 2848 1191 2924; x_wconf 88' lang='lat' dir='ltr'>coepi</span> <span class='ocrx_word' id='word_1_174' title='bbox 1209 2857 1221 2902; x_wconf 78' lang='lat'>2</span> 
     </span>
     <span class='ocr_line' id='line_1_25' title="bbox 188 2949 1191 3037; baseline -0.008 -18"><span class='ocrx_word' id='word_1_175' title='bbox 188 2966 332 3037; x_wconf 89' lang='lat' dir='ltr'>reputare</span> <span class='ocrx_word' id='word_1_176' title='bbox 352 2978 429 3035; x_wconf 89' lang='lat' dir='ltr'>quos</span> <span class='ocrx_word' id='word_1_177' title='bbox 449 2957 481 3015; x_wconf 88' lang='lat' dir='ltr'>iu</span> <span class='ocrx_word' id='word_1_178' title='bbox 501 2956 559 3013; x_wconf 89' lang='lat' dir='ltr'>hoc</span> <span class='ocrx_word' id='word_1_179' title='bbox 580 2954 705 3026; x_wconf 90' lang='lat' dir='ltr'>iudici0,</span> <span class='ocrx_word' id='word_1_180' title='bbox 722 2970 799 3028; x_wconf 90' lang='lat' dir='ltr'>quos</span> <span class='ocrx_word' id='word_1_181' title='bbox 820 2951 853 3008; x_wconf 90' lang='lat' dir='ltr'>in</span> <span class='ocrx_word' id='word_1_182' title='bbox 875 2949 931 3008; x_wconf 89' lang='lat' dir='ltr'>illo</span> <span class='ocrx_word' id='word_1_183' title='bbox 953 2950 1052 3009; x_wconf 90' lang='lat' dir='ltr'>socios</span> <span class='ocrx_word' id='word_1_184' title='bbox 1075 2950 1191 3012; x_wconf 88' lang='lat' dir='ltr'>laboris</span> 
     </span>
     <span class='ocr_line' id='line_1_26' title="bbox 188 3054 1191 3134; baseline -0.004 -12"><span class='ocrx_word' id='word_1_185' title='bbox 188 3064 374 3125; x_wconf 90' lang='lat' dir='ltr'>habuissem.</span> <span class='ocrx_word' id='word_1_186' title='bbox 419 3063 509 3122; x_wconf 85' lang='lat' dir='ltr'>Solus</span> <span class='ocrx_word' id='word_1_187' title='bbox 525 3079 608 3119; x_wconf 93' lang='lat' dir='ltr'>eram</span> <span class='ocrx_word' id='word_1_188' title='bbox 626 3058 679 3134; x_wconf 94' lang='lat' dir='ltr'>qui</span> <span class='ocrx_word' id='word_1_189' title='bbox 697 3057 730 3115; x_wconf 93' lang='lat' dir='ltr'>in</span> <span class='ocrx_word' id='word_1_190' title='bbox 745 3061 877 3133; x_wconf 93' lang='lat' dir='ltr'>utroque</span> <span class='ocrx_word' id='word_1_191' title='bbox 894 3054 1061 3114; x_wconf 81' lang='lat' dir='ltr'>dixissem:</span> <span class='ocrx_word' id='word_1_192' title='bbox 1085 3062 1191 3118; x_wconf 87' lang='lat' dir='ltr'>tantas</span> 
     </span>
     <span class='ocr_line' id='line_1_27' title="bbox 188 3159 1192 3239; baseline -0.007 -11"><span class='ocrx_word' id='word_1_193' title='bbox 188 3169 404 3229; x_wconf 85' lang='lat' dir='ltr'>conversiones</span> <span class='ocrx_word' id='word_1_194' title='bbox 426 3173 480 3226; x_wconf 93' lang='lat' dir='ltr'>aut</span> <span class='ocrx_word' id='word_1_195' title='bbox 501 3164 658 3239; x_wconf 79' lang='lat' dir='ltr'>fragilitas</span> <span class='ocrx_word' id='word_1_196' title='bbox 680 3159 881 3220; x_wconf 89' lang='lat' dir='ltr'>mortalitatis</span> <span class='ocrx_word' id='word_1_197' title='bbox 897 3165 952 3218; x_wconf 90' lang='lat' dir='ltr'>aut</span> <span class='ocrx_word' id='word_1_198' title='bbox 967 3159 1116 3220; x_wconf 87' lang='lat' dir='ltr'>fortunae</span> <span class='ocrx_word' id='word_1_199' title='bbox 1131 3181 1192 3221; x_wconf 83' lang='lat' dir='ltr'>mo</span> 
     </span>
    </p>

    <p class='ocr_par' dir='ltr' id='par_1_6' title="bbox 140 3264 1225 3770">
     <span class='ocr_line' id='line_1_28' title="bbox 189 3264 1224 3343; baseline -0.008 -10"><span class='ocrx_word' id='word_1_200' title='bbox 189 3274 295 3334; x_wconf 90' lang='lat' dir='ltr'>bilitas</span> <span class='ocrx_word' id='word_1_201' title='bbox 310 3273 396 3331; x_wconf 88' lang='lat' dir='ltr'>facit.</span> <span class='ocrx_word' id='word_1_202' title='bbox 433 3271 564 3341; x_wconf 83' lang='lat' dir='ltr'>Quidam</span> <span class='ocrx_word' id='word_1_203' title='bbox 576 3268 670 3326; x_wconf 88' lang='lat' dir='ltr'>exeis</span> <span class='ocrx_word' id='word_1_204' title='bbox 686 3266 739 3343; x_wconf 94' lang='lat' dir='ltr'>qui</span> <span class='ocrx_word' id='word_1_205' title='bbox 755 3271 829 3324; x_wconf 94' lang='lat' dir='ltr'>tunc</span> <span class='ocrx_word' id='word_1_206' title='bbox 841 3270 968 3340; x_wconf 88' lang='lat' dir='ltr'>egerant</span> <span class='ocrx_word' id='word_1_207' title='bbox 979 3264 1191 3340; x_wconf 89' lang='lat' dir='ltr'>decesserunt,</span> <span class='ocrx_word' id='word_1_208' title='bbox 1211 3281 1224 3325; x_wconf 81' lang='lat' dir='ltr'>a</span> 
     </span>
     <span class='ocr_line' id='line_1_29' title="bbox 140 3369 1192 3451; baseline -0.002 -17"><span class='ocrx_word' id='word_1_209' title='bbox 140 3390 169 3434; x_wconf 79' lang='lat'>25</span> <span class='ocrx_word' id='word_1_210' title='bbox 189 3379 335 3439; x_wconf 86' lang='lat' dir='ltr'>exsulant</span> <span class='ocrx_word' id='word_1_211' title='bbox 353 3378 416 3451; x_wconf 87' lang='lat' dir='ltr'>alii,</span> <span class='ocrx_word' id='word_1_212' title='bbox 431 3377 504 3434; x_wconf 87' lang='lat' dir='ltr'>huic</span> <span class='ocrx_word' id='word_1_213' title='bbox 519 3381 604 3434; x_wconf 91' lang='lat' dir='ltr'>aetas</span> <span class='ocrx_word' id='word_1_214' title='bbox 625 3380 656 3432; x_wconf 93' lang='lat' dir='ltr'>et</span> <span class='ocrx_word' id='word_1_215' title='bbox 676 3371 822 3431; x_wconf 90' lang='lat' dir='ltr'>valetudo</span> <span class='ocrx_word' id='word_1_216' title='bbox 838 3369 998 3428; x_wconf 91' lang='lat' dir='ltr'>silentium</span> <span class='ocrx_word' id='word_1_217' title='bbox 1017 3371 1127 3447; x_wconf 86' lang='lat' dir='ltr'>suasit,</span> <span class='ocrx_word' id='word_1_218' title='bbox 1140 3373 1192 3432; x_wconf 91' lang='lat' dir='ltr'>bic</span> 
     </span>
     <span class='ocr_line' id='line_1_30' title="bbox 190 3475 1192 3561; baseline -0.007 -17"><span class='ocrx_word' id='word_1_219' title='bbox 190 3490 299 3561; x_wconf 92' lang='lat' dir='ltr'>sponte</span> <span class='ocrx_word' id='word_1_220' title='bbox 330 3483 510 3542; x_wconf 86' lang='lat' dir='ltr'>beatissimo</span> <span class='ocrx_word' id='word_1_221' title='bbox 541 3480 604 3538; x_wconf 93' lang='lat' dir='ltr'>otio</span> <span class='ocrx_word' id='word_1_222' title='bbox 635 3478 760 3550; x_wconf 87' lang='lat' dir='ltr'>fruitur,</span> <span class='ocrx_word' id='word_1_223' title='bbox 790 3475 870 3534; x_wconf 92' lang='lat' dir='ltr'>alius</span> <span class='ocrx_word' id='word_1_224' title='bbox 898 3475 1071 3534; x_wconf 90' lang='lat' dir='ltr'>exercitum</span> <span class='ocrx_word' id='word_1_225' title='bbox 1100 3478 1192 3554; x_wconf 88' lang='lat' dir='ltr'>regit,</span> 
     </span>
     <span class='ocr_line' id='line_1_31' title="bbox 191 3580 1225 3660; baseline -0.007 -14"><span class='ocrx_word' id='word_1_226' title='bbox 191 3590 279 3647; x_wconf 93' lang='lat' dir='ltr'>illum</span> <span class='ocrx_word' id='word_1_227' title='bbox 302 3588 447 3646; x_wconf 89' lang='lat' dir='ltr'>civilibus</span> <span class='ocrx_word' id='word_1_228' title='bbox 469 3585 576 3644; x_wconf 89' lang='lat' dir='ltr'>officiis</span> <span class='ocrx_word' id='word_1_229' title='bbox 598 3583 748 3660; x_wconf 88' lang='lat' dir='ltr'>principis</span> <span class='ocrx_word' id='word_1_230' title='bbox 771 3581 908 3640; x_wconf 90' lang='lat' dir='ltr'>amicitia</span> <span class='ocrx_word' id='word_1_231' title='bbox 933 3580 1056 3639; x_wconf 86' lang='lat' dir='ltr'>exemit.</span> <span class='ocrx_word' id='word_1_232' title='bbox 1102 3583 1225 3645; x_wconf 76' lang='lat' dir='ltr'>Circa4</span> 
     </span>
     <span class='ocr_line' id='line_1_32' title="bbox 190 3685 1195 3770; baseline -0.002 -19"><span class='ocrx_word' id='word_1_233' title='bbox 190 3713 245 3753; x_wconf 91' lang='lat' dir='ltr'>nos</span> <span class='ocrx_word' id='word_1_234' title='bbox 271 3693 354 3770; x_wconf 90' lang='lat' dir='ltr'>ipsos</span> <span class='ocrx_word' id='word_1_235' title='bbox 379 3711 471 3769; x_wconf 89' lang='lat' dir='ltr'>quam</span> <span class='ocrx_word' id='word_1_236' title='bbox 495 3689 596 3748; x_wconf 91' lang='lat' dir='ltr'>multa</span> <span class='ocrx_word' id='word_1_237' title='bbox 619 3693 741 3747; x_wconf 92' lang='lat' dir='ltr'>mutata</span> <span class='ocrx_word' id='word_1_238' title='bbox 765 3688 855 3746; x_wconf 84' lang='lat' dir='ltr'>sunt!</span> <span class='ocrx_word' id='word_1_239' title='bbox 899 3685 1019 3745; x_wconf 83' lang='lat' dir='ltr'>Studiis</span> <span class='ocrx_word' id='word_1_240' title='bbox 1042 3690 1195 3762; x_wconf 89' lang='lat' dir='ltr'>processi-</span> 
     </span>
    </p>
   </div>
   <div class='ocr_carea' id='block_1_6' title="bbox 0 0 1344 4170">
    <p class='ocr_par' dir='ltr' id='par_1_7' title="bbox 0 0 1344 4170">
     <span class='ocr_line' id='line_1_33' title="bbox 0 0 1344 4170; baseline 0 0"><span class='ocrx_word' id='word_1_241' title='bbox 0 0 1344 4170; x_wconf 95' lang='lat' dir='ltr'> </span> 
     </span>
    </p>
   </div>
  </div>
 </body>
</html>
