2664 4170
493 249 756 300 EPISTULARUM
780 252 826 301 IV.
848 251 872 302 7.

588 505 641 565 44.
670 503 773 584 (vn.)

368 662 398 714 c.
421 644 567 713 rrru'rus
590 662 700 714 ormo
724 664 858 714 nermo
882 664 949 716 suo
972 664 998 715 s

335 811 456 874 Regulus
468 826 505 863 aa
517 812 618 863 absara
630 826 756 862 moarner
768 814 823 863 aad
834 828 851 863 a
863 813 915 863 bad
927 820 1025 865 orator.

139 967 154 1012 1
220 956 319 1033 Saepe
338 956 398 1015 tibi
416 956 485 1015 dico
505 956 608 1016 inesse
623 957 688 1015 vim
710 957 839 1032 Regulo.
883 958 1000 1016 Mirum
1020 964 1068 1018 est
1087 977 1181 1036 quarn

178 1061 295 1120 efficiat
309 1061 342 1119 in
357 1062 440 1139 quod
454 1062 604 1121 incubuit.
647 1062 773 1121 Placuit
787 1063 816 1121 ei
831 1063 936 1137 lugere
953 1062 1071 1138 filium3
1094 1064 1181 1139 luget

176 1172 215 1225 ut
229 1185 334 1241 nem03
357 1167 477 1243 placuit
492 1172 613 1227 statuas
628 1167 695 1226 eius
710 1173 742 1226 et
755 1167 906 1242 imagines
921 1188 1014 1245 quam
1029 1169 1181 1245 plurimas

177 1273 300 1346 facere3
323 1271 380 1330 hoc
400 1273 544 1332 omnibus
562 1272 693 1332 officinis
710 1273 784 1349 agit,
802 1273 893 1331 illurn
911 1273 1074 1348 coloribus,
1090 1275 1180 1333 illurn

177 1395 258 1451 cera,
280 1376 371 1435 illum
392 1396 472 1451 aere,
494 1377 584 1436 illum
609 1383 746 1454 argento,
769 1377 859 1436 illurn
882 1397 965 1451 auru,
988 1379 1088 1453 ebore,
1103 1390 1215 1438 mar-o

139 1495 155 1539 a
177 1501 263 1541 more
278 1481 405 1556 effingit.
450 1483 523 1559 Ipse
536 1501 608 1540 vero
622 1501 721 1560 nuper
736 1482 878 1542 adhibito
894 1483 1015 1558 ingenti
1025 1484 1181 1545 auditorio

177 1587 293 1647 librum
319 1587 356 1645 de
381 1587 449 1646 vita
472 1587 539 1646 eius
568 1587 719 1661 recitavit,
743 1588 782 1646 de
807 1588 874 1647 vita
898 1590 1003 1664 pueri:
1036 1590 1181 1649 recitavit

176 1698 299 1767 tamen3
329 1693 462 1751 eundem
485 1691 518 1750 in
539 1691 729 1769 exemplaria
750 1693 838 1751 mille
863 1694 1103 1770 transscriptum
1125 1714 1181 1771 per

176 1802 277 1857 totam
303 1797 430 1856 Italiam
455 1797 694 1875 provinciasque
722 1797 853 1858 dimisit.
899 1799 1031 1875 Scripsit
1056 1800 1180 1876 publice

176 1909 213 1962 ut
228 1922 247 1962 a
261 1902 480 1962 decurionibus
496 1902 664 1977 eligeretur
678 1903 894 1964 vocalissimus
914 1904 1029 1981 aliquis
1046 1924 1084 1963 ex
1102 1905 1179 1982 ipsis
1201 1919 1230 1962 10

137 2025 155 2070 3
176 2009 233 2086 qui
247 2008 365 2084 legeret
379 2027 450 2066 eum
465 2007 596 2084 populo:
619 2008 809 2067 factumest.
853 2010 946 2067 Hanc
966 2009 1020 2067 ille
1034 2011 1109 2085 vim,
1125 2029 1179 2070 seu

176 2133 240 2191 quo
255 2113 316 2172 alio
331 2114 455 2171 nomine
471 2113 611 2172 vocanda
625 2118 674 2172 est
688 2112 822 2171 intentio
839 2114 994 2190 quidquid
1008 2115 1088 2174 velis
1103 2115 1179 2175 obti-

175 2219 281 2293 nendi,
302 2218 329 2278 si
351 2219 391 2277 ad
409 2217 532 2295 potiora
550 2217 706 2291 vertisset,
727 2224 877 2295 quantum
899 2219 971 2278 boni
989 2219 1107 2278 efficere
1128 2240 1179 2298 po

175 2323 307 2384 tuisset!
350 2323 544 2400 Quamquam
563 2323 666 2381 minor
683 2323 731 2382 vis
751 2323 839 2383 bonis
857 2342 949 2400 quam
972 2325 1063 2384 malis
1085 2325 1177 2400 inest,

175 2447 211 2489 ac
229 2427 310 2489 sicut
325 2430 426 2505 ἀμαθία
439 2431 490 2504 μὲν
507 2429 610 2506 θράσος
627 2432 765 2508 λογισμὸς
784 2428 813 2488 δὲ
834 2429 915 2490 ὄκνον
929 2431 1016 2508 φέρει,
1032 2430 1078 2489 ita
1094 2437 1180 2490 recta
1200 2447 1227 2490 15

175 2533 302 2608 ingenia
316 2533 462 2592 debilitat
481 2533 677 2607 verecundia,
693 2552 839 2609 perversa
856 2533 1020 2604 confirmat
1037 2536 1175 2595 audacia.

136 2653 153 2697 4
173 2639 329 2716 Exemplo
350 2644 399 2699 est
420 2638 567 2714 Regulus.
611 2638 809 2697 Imbecillum
830 2639 923 2713 latus,
945 2658 979 2700 os
1001 2641 1175 2715 confusum,

174 2744 335 2804 haesitans
369 2743 484 2819 lingua,
514 2743 695 2803 tardissima
722 2743 871 2819 inventio,
901 2745 1050 2805 memoria
1079 2746 1175 2821 nulla,

173 2848 256 2908 nihil
281 2848 416 2925 denique
437 2854 560 2925 praeter
584 2848 744 2923 ingenium
769 2849 931 2925 insanum;
961 2856 993 2909 et
1014 2856 1119 2910 tamen
1140 2871 1177 2910 eo

173 2954 360 3032 inpudentia
381 2953 511 3032 ipsoque
531 2953 587 3012 illo
602 2955 707 3013 furore
724 2955 869 3031 pervenit
888 2961 924 3014 ut
943 2962 1045 3015 orator
1067 2957 1177 3017 habea·
1197 2975 1226 3019 20

136 3076 152 3120 5
172 3065 233 3120 tur.
276 3060 390 3136 ltaque
404 3059 585 3118 Herennius
603 3059 731 3119 Senecio
748 3059 877 3118 mirifice
895 3061 1023 3122 Catonis
1042 3062 1122 3121 illud
1137 3064 1175 3121 de

173 3171 295 3225 oratore
316 3164 350 3223 in
370 3164 453 3224 hunc
474 3182 490 3224 e
511 3165 667 3224 contrario
688 3165 785 3223 vertit
805 3170 926 3224 ‘orator
948 3172 996 3226 est
1009 3167 1058 3225 vir
1073 3168 1175 3228 malus

172 3270 298 3330 dicendi
318 3269 503 3347 imperitus!
545 3270 617 3328 Non
640 3269 816 3328 mehercule
839 3271 916 3330 Cato
936 3271 1003 3348 ipse
1018 3277 1083 3331 tam
1097 3273 1174 3332 bene

136 3391 152 3436 6
173 3394 282 3434 varum
296 3381 449 3435 oratorem
466 3394 560 3452 quam
579 3374 630 3432 hic
648 3374 803 3449 Regulum
821 3376 983 3451 expressit.
1027 3378 1174 3438 Habesne

172 3499 235 3558 quo
249 3479 307 3540 tali
322 3480 475 3558 epistulae
489 3499 597 3557 parem
612 3479 743 3554 gratiam
760 3480 902 3539 referas?
921 3482 1026 3555 habes
1039 3483 1066 3542 si
1081 3483 1175 3560 scrip·
1195 3508 1223 3552 25

173 3585 251 3646 seris
270 3605 345 3644 num
363 3584 478 3662 aliquis
495 3585 529 3644 in
543 3584 715 3661 municipio
731 3590 836 3644 vestro
853 3604 892 3643 ex
910 3587 1068 3647 sodalibus
1086 3589 1172 3663 meis

171 3711 247 3752 num
263 3690 357 3750 etiam
373 3690 440 3768 ipse
454 3696 490 3749 tu
505 3690 588 3749 huno
605 3690 781 3749 luctuosum
798 3691 913 3765 Reguli
933 3691 1048 3751 librum
1067 3699 1103 3752 ut
1119 3694 1175 3752 cir-
