2664 4170
185 243 205 305 2
612 253 642 305 c.
662 255 762 304 rruu
846 225 848 229 ’

185 425 352 486 Possident
377 433 409 486 te
431 434 462 487 et
481 443 537 504 per
560 429 643 487 vices
671 431 879 506 partiuntur?
907 448 957 505 an,
987 436 1025 490 ut
1057 430 1190 506 solebas,
1212 451 1224 495 2

185 532 359 590 intentione
376 532 421 590 rei
441 533 608 592 familiaris
630 534 790 593 obeundae
812 535 928 593 crebris
949 536 1190 597 excursionibus

185 638 349 697 evocaris?
392 637 426 696 Si
440 644 471 697 te
487 639 658 715 possident,
673 638 753 698 felix
771 640 941 718 beatusque
956 659 1006 716 es;
1032 643 1059 700 si
1075 641 1189 716 minus,

185 762 266 802 unus
288 762 326 801 ex
348 743 465 803 multis
517 744 600 814 Quin
624 750 660 802 tu
686 745 823 823 (tempus
852 751 901 805 est
928 746 1027 828 enim)
1051 746 1225 807 humiless

149 862 163 905 5
186 854 218 907 et
243 849 383 910 sordidas
409 868 498 909 curas
522 848 594 909 aliis
619 850 748 909 mandas
773 851 897 928 etipse
921 856 953 910 te
977 851 1012 909 in
1037 850 1104 911 alto
1129 851 1190 912 isto

186 953 356 1030 pinguique
381 972 505 1014 secessu
527 955 640 1013 studiis
667 955 809 1015 adseris?
864 956 934 1015 Hoc
960 956 1002 1016 sit
1027 953 1188 1032 negotium

186 1063 283 1133 tuum,
299 1059 357 1117 hoc
376 1059 483 1134 otium,
499 1059 550 1118 hic
567 1058 663 1134 labor,
679 1060 755 1119 haec
770 1060 875 1138 quies:
899 1061 932 1119 in
950 1061 1002 1120 his
1018 1061 1142 1137 vigilia,
1158 1063 1190 1120 in

186 1163 235 1223 his
250 1164 344 1223 etiam
361 1184 486 1224 somnus
504 1173 679 1243 reponatur.
725 1167 847 1245 Effinge
866 1168 987 1246 aliquid
1006 1174 1040 1228 et
1056 1168 1190 1228 exclude
1210 1179 1224 1224 4

186 1269 270 1346 quod
284 1270 326 1329 sit
340 1277 490 1348 perpetuo
501 1277 598 1330 tuum.
631 1273 715 1331 Nam
730 1273 851 1350 reliqua
861 1292 965 1332 rerum
975 1279 1103 1334 tuarum
1119 1280 1191 1352 post

136 1382 164 1426 10
187 1381 218 1434 te
235 1374 331 1433 alium
346 1381 441 1452 atque
455 1376 551 1436 alium
566 1378 726 1436 dominum
747 1379 926 1454 sortientur,
940 1379 999 1438 hoc
1015 1399 1189 1457 numquam

186 1486 275 1538 tuum
300 1480 423 1539 desinet
445 1499 521 1557 esse,
538 1481 564 1541 si
589 1482 685 1542 semel
709 1483 854 1561 coeperit.
908 1483 979 1544 Scio
1007 1503 1101 1561 quem
1127 1485 1223 1544 ani-o

186 1604 280 1660 mum,
303 1586 386 1662 quod
407 1586 513 1645 horter
534 1587 702 1663 ingenium.
750 1590 798 1647 Tu
819 1589 910 1648 modo
931 1588 1050 1648 enitere
1072 1594 1108 1648 ut
1129 1589 1189 1650 tibi

186 1689 253 1766 ipse
268 1690 311 1750 sis
326 1691 408 1750 tanti
423 1692 534 1768 quanti
548 1691 704 1752 videberis
719 1693 791 1753 aliis
806 1693 833 1754 si
847 1692 907 1753 tibi
921 1693 1030 1753 fueris.
1067 1693 1156 1755 Vale.

617 1908 647 1968 e.
676 1905 760 1986 (ru.)

273 2051 303 2102 0.
324 2051 468 2102 PLINIUS
488 2051 677 2101 POMPEIAE
699 2052 908 2102 CELERINAE
930 2052 1061 2104 SOCRUI
1081 2053 1108 2106 S.

175 2186 256 2248 Pliny
268 2188 449 2250 compliments
461 2187 503 2236 bis
515 2188 716 2237 mother-ialam
728 2202 800 2249 upon
813 2189 855 2238 tbc
867 2189 993 2252 comforts
1004 2189 1038 2252 os
1044 2188 1093 2239 ber
1103 2191 1191 2240 villas.

226 2321 383 2390 Quantum
415 2320 575 2397 copiarum
603 2320 637 2379 in
667 2321 859 2396 Ocriculano,
885 2321 919 2380 in
945 2321 1126 2397 Narniensi,
1155 2323 1223 2381 inl

137 2435 165 2479 15
188 2424 369 2499 Carsulano,
399 2425 433 2483 in
461 2425 614 2484 Perusino
641 2428 712 2485 tuo!
746 2425 780 2484 in
802 2426 972 2487 Narniensi
998 2445 1071 2494 vero
1092 2427 1189 2487 etiam

187 2531 353 2590 balineum.
387 2531 436 2588 Ex
451 2530 595 2607 epistulis
607 2531 685 2589 meis
699 2532 784 2608 (nam
799 2531 862 2591 iam
876 2532 940 2591 tuis
955 2551 1032 2610 opus
1047 2535 1188 2614 nonest)

187 2656 250 2696 una
271 2637 328 2695 illa
351 2636 454 2696 brevis
476 2642 508 2695 et
530 2644 619 2696 vetus
643 2636 763 2696 sufficit.
817 2638 891 2696 Non
919 2638 1095 2697 mehercule
1123 2644 1225 2698 tamt

187 2761 257 2801 mea
281 2747 354 2800 sunt
379 2759 457 2818 quae
482 2760 552 2801 mea
577 2748 650 2801 sunt
679 2762 772 2818 quam
794 2762 873 2819 quae
897 2749 968 2802 tua:
998 2743 1057 2802 hoc
1082 2749 1189 2803 tamen

188 2847 445 2922 diffe1·unt‚qu0d
466 2846 633 2906 sollicitius
653 2854 684 2906 et
701 2847 854 2907 intentius
874 2847 921 2907 tui
942 2867 991 2907 me
1013 2867 1107 2925 quam
1126 2849 1190 2908 mei

136 2960 166 3005 20
188 2953 357 3030 excipiunt.
410 2953 500 3012 Idem
532 2954 666 3012 fortasse
697 2953 820 3012 eveniet
852 2953 920 3027 tibi,
951 2953 1126 3031 siquando
1155 2955 1227 3012 ins

187 3064 295 3118 nostra
310 3059 488 3118 deverteris.
521 3059 610 3128 Quod
623 3058 719 3116 velim
733 3058 840 3134 facias,
853 3059 997 3136 primum,
1008 3064 1045 3118 ut
1058 3059 1189 3136 perinde

187 3164 304 3223 nostris
333 3163 424 3223 rebus
452 3181 487 3222 ac
514 3182 570 3223 nos
599 3163 662 3222 tuis
689 3163 871 3240 perfruaris,
905 3164 1026 3238 deinde,
1054 3170 1091 3224 ut
1126 3165 1188 3224 mei

189 3269 444 3345 expergiscantur
465 3268 642 3345 aliquando,
668 3269 722 3345 qui
743 3287 793 3326 me
814 3288 918 3328 secure
941 3288 976 3328 sc
998 3288 1096 3346 prope
1118 3289 1189 3346 neg-

188 3373 327 3450 legenter
363 3378 536 3450 expectant.
596 3375 679 3432 Nam
714 3373 838 3432 mitium
874 3373 1069 3433 dominorum
1104 3374 1227 3452 apud4

138 3495 166 3539 25
190 3497 294 3538 servos
322 3479 392 3556 ipsa
419 3480 643 3538 consuetudine
672 3485 774 3538 metus
807 3479 964 3551 exolescit,
993 3479 1187 3540 novitatibus

189 3584 366 3642 excitantur
387 3584 572 3660 probarique
591 3583 726 3642 dominis
743 3602 798 3661 per
815 3584 892 3643 alios
910 3584 1009 3660 magis
1025 3605 1117 3662 quam
1132 3604 1189 3663 per

189 3688 273 3765 ipsos
288 3688 438 3748 laborant.
474 3689 561 3748 Vale.
