2632 4170
181 280 222 347 54
603 289 632 343 c.
656 292 754 342 amru

184 464 255 525 taut
282 462 377 525 naris
400 463 522 541 antiqui
549 482 601 523 eos
626 463 680 541 qui
705 463 755 522 vel
781 462 972 538 singulorum
1001 460 1112 520 laudes
1133 459 1179 518 vel

181 570 301 631 urluuur
326 569 515 647 scripserant
535 575 591 628 aut
613 569 782 628 honoribus
810 572 865 627 aut
893 567 1026 644 peeuma
1053 583 1178 640 ornare3

181 675 294 735 assuta
318 694 390 734 verr-(r
411 675 604 752 temporibus
628 680 664 733 ut
688 674 751 734 alia
775 673 915 751 speciosa
935 679 967 731 et
988 672 1116 749 egregia
1137 672 1180 730 ita

181 780 237 839 iuro
253 779 284 839 iu
302 779 409 858 prioris
425 779 569 839 exolevit.
612 780 695 839 Nam
718 786 884 856 postquam
906 777 1059 838 desiimus
1080 778 1180 836 faeere

144 884 345 957 olerudruula,
375 884 495 945 larulari
524 903 647 962 quoque
676 885 818 961 ineptum
845 890 1002 961 putemus.
1053 882 1206 954 Quaeris-

179 991 232 1071 qui
255 992 320 1052 siut
338 991 483 1052 versieuli
505 990 618 1068 quibus
643 991 774 1065 gratiam
797 989 932 1049 rettuli?
974 989 1180 1048 Remitterem

180 1102 210 1157 to
232 1098 271 1158 uel
296 1097 396 1176 ipsura
414 1096 567 1169 volumen,
588 1095 650 1155 uisi
673 1096 823 1173 quosdam
838 1101 994 1154 tenerem:
1017 1101 1063 1168 tu,
1079 1095 1106 1153 si
1121 1093 1181 1170 pla·

179 1201 301 1263 «orosius
317 1202 357 1275 ui,
373 1208 492 1263 (saeros
507 1201 539 1260 iu
555 1201 635 1261 libro
650 1201 797 1279 requires.
841 1199 1034 1276 Adloquitur
1048 1200 1179 1271 Musam,

181 1308 308 1369 uuuulut
330 1314 364 1369 ut
385 1308 510 1368 ‹louuuu
532 1325 631 1366 aream
654 1305 807 1383 Esquiliis
829 1310 968 1383 quaerat,
988 1305 1082 1365 adeat
1103 1321 1180 1362 reve

135 1424 160 1471 10
182 1419 299 1475 luatur:

375 1492 435 1553 Sed
449 1512 487 1553 ae
502 1500 641 1572 tempore
655 1512 718 1551 non
732 1498 787 1551 tuo
801 1491 951 1550 disertam

379 1598 485 1677 pulsos
500 1598 587 1658 ebria
600 1598 724 1657 ianuam
740 1597 861 1656 videto:

379 1708 461 1764 totos
476 1703 531 1764 dat
545 1703 674 1763 tetricae
689 1701 756 1761 dies
770 1701 941 1776 Minervae,

380 1809 453 1869 ‹luru
469 1813 593 1867 ueritum
608 1808 713 1868 studet
727 1807 854 1866 auribus
868 1806 1007 1865 virorum

379 1912 437 1973 luur
452 1913 535 1991 quod
550 1912 673 1972 saeoula
687 1911 865 1990 posterique
880 1911 1004 1988 possint

382 2017 510 2097 Arpiuis
525 2036 648 2095 (proque
662 2035 840 2094 comparare
854 2015 981 2076 chartis.

380 2142 465 2185 serus
480 2123 578 2184 tutior
592 2123 653 2182 ibis
667 2122 707 2182 ad
721 2122 880 2181 lucernas:

381 2228 457 2289 haee
472 2229 548 2289 liora
562 2235 610 2288 est
623 2234 687 2302 tua,
702 2246 772 2286 oum
787 2227 867 2286 furit
881 2227 1014 2304 Lyaeus,

380 2354 450 2395 aum
466 2340 575 2409 regirat
590 2352 668 2410 rosa,
683 2352 752 2393 eum
768 2334 896 2392 madent
910 2332 1034 2410 capilli:

132 2460 162 2505 ao
380 2445 454 2499 tuae
470 2460 517 2499 rue
534 2439 582 2499 vel
598 2439 692 2515 rigidi
706 2440 813 2514 legant
828 2439 970 2498 Catones.

185 2604 336 2666 Meritone
351 2624 420 2665 erum
437 2605 490 2684 qui
505 2605 582 2665 liaeo
597 2605 635 2663 de
650 2624 699 2664 me
714 2603 841 2680 scripsit
855 2608 887 2662 et
901 2608 977 2662 tune
991 2602 1099 2663 dimisi
1110 2602 1182 2662 ami-

182 2710 305 2771 eissiruo
324 2717 357 2772 et
373 2730 455 2771 uuue
478 2717 512 2770 ut
533 2709 756 2771 aurioissimum
771 2709 955 2768 defunctum
976 2726 1044 2768 esse
1066 2708 1180 2768 doleo?

186 2816 279 2877 lauit
307 2816 387 2875 enim
419 2815 495 2875 milri
524 2821 675 2893 (parantum
703 2813 875 2874 maximum
909 2813 1022 2891 potuit,
1051 2814 1182 2873 daturus

182 2921 325 2999 uurplius,
341 2921 367 2981 si
386 2920 546 2999 potuisset.
590 2919 729 2980 Tametsi
751 2920 827 2996 quid
848 2919 968 2978 homini
988 2924 1094 2996 potest
1115 2918 1182 2979 dari

131 3040 162 3087 25
182 3026 282 3087 lartius
304 3046 395 3106 ‹puuu
412 3025 512 3101 gloria
526 3032 558 3085 et
572 3026 641 3085 laus
656 3031 688 3084 et
702 3025 898 3084 aeternitas?
940 3022 985 3081 Aa
1005 3043 1069 3082 non
1091 3029 1183 3083 erunt

182 3138 309 3195 aliterue
336 3151 415 3210 (prae
444 3130 585 3209 seripsit:
615 3150 677 3190 uon
702 3136 794 3189 eruut
821 3131 964 3205 fortasse,
993 3129 1049 3188 ille
1076 3136 1182 3190 tamen

183 3237 309 3317 scripsit
323 3244 482 3315 turaquruu
497 3241 602 3296 esseut
615 3236 731 3295 futura.
773 3234 860 3295 Vale.
