2664 4170
192 249 233 316 60
614 263 643 315 c.
664 264 764 314 rrnur

191 455 250 512 que
270 454 411 494 reversus
433 436 605 510 Caesarem,
622 437 734 496 deinde
757 439 888 498 Caesare
904 447 1036 502 auctore
1052 452 1200 505 senatum

189 541 347 601 consuluit
370 541 446 616 quid
468 540 537 598 fieri
558 543 597 600 de
619 542 732 601 salario
755 545 859 602 vellet.
910 547 1020 606 Parva
1044 552 1198 626 quaestio,

190 648 245 706 sed
275 652 380 705 tamen
412 647 560 722 quaestio.
617 649 759 708 Heredes
791 649 908 709 scribae
939 652 1011 727 sibi,
1042 656 1198 731 praefecti

189 754 301 811 aerarii
323 753 437 829 populo
453 753 660 812 vindicabant.
704 755 785 813 Acta
804 773 897 814 causa
916 762 981 815 est:
1007 759 1095 818 dixit
1115 762 1225 821 here4

154 860 262 917 sdum
298 859 476 933 advocatus,
506 859 619 917 deinde
655 860 772 936 populi,
800 867 933 937 uterque
963 868 1193 938 percommode.

189 964 343 1024 Caecilius
379 964 489 1022 Strabo
518 965 636 1023 aerario
665 965 787 1024 censuit
815 965 1027 1043 inferendum,
1057 971 1194 1032 Baebius

188 1071 294 1128 Macer
321 1069 488 1129 heredibus
517 1069 670 1128 dandum:
701 1071 839 1130 obtinuit
862 1072 980 1132 Strabo
1028 1076 1078 1134 Tu
1102 1077 1222 1136 lauda5

188 1175 415 1249 Marcellinum,
431 1180 467 1233 ut
485 1193 540 1250 ego
557 1175 663 1234 statim
678 1175 747 1235 feci.
792 1177 938 1246 Quamvis
961 1179 1048 1237 enim
1070 1182 1193 1241 abunde

188 1280 321 1340 sufficiat
336 1281 385 1338 illi
407 1282 490 1357 quod
512 1286 560 1340 est
578 1287 610 1340 et
628 1282 800 1359 aprineipe
817 1288 848 1341 et
863 1301 881 1341 a
896 1289 1007 1342 senatu
1031 1287 1192 1363 probatus,

139 1401 168 1445 10
187 1386 336 1461 gaudebit
357 1392 461 1445 tamen
483 1386 664 1446 testimonio
679 1392 741 1445 tuo.
786 1386 901 1447 Omnes
916 1388 1001 1446 enim
1016 1391 1072 1467 qui
1095 1393 1221 1467 gloriar

187 1493 333 1569 famaque
356 1493 511 1551 ducuntur
526 1492 639 1550 mirum
661 1492 694 1550 in
716 1493 842 1551 modum
864 1494 1011 1553 adsensio
1034 1501 1067 1555 et
1092 1497 1193 1558 lausa

187 1597 358 1656 minoribus
373 1599 468 1656 etiam
485 1597 628 1674 profecta
644 1596 786 1656 delectat.
830 1599 874 1656 Te
888 1617 963 1657 vero
984 1600 1192 1663 Marcellinus

186 1704 233 1761 ita
247 1708 405 1761 reveretur
422 1707 458 1760 ut
480 1702 596 1760 iudicio
617 1707 671 1760 tuo
693 1702 862 1778 plurimum
885 1703 1013 1763 tribuat.
1058 1707 1220 1767 Accedit?

187 1809 237 1867 his
260 1807 352 1883 quod,
375 1807 402 1866 si
424 1807 605 1882 cognoverit
621 1807 739 1866 facturn
768 1827 859 1866 suum
888 1808 949 1867 isto
972 1828 1073 1887 usque
1103 1832 1193 1890 pene

37 1961 41 1968 .
139 1928 166 1972 15
187 1918 294 1986 trasse,
313 1931 439 1971 necesse
463 1919 510 1971 est
533 1912 637 1972 laudis
662 1930 734 1971 suae
761 1912 862 1988 spatio
884 1918 916 1971 et
937 1932 1031 1972 cursu
1053 1921 1086 1975 et
1109 1937 1192 1994 pere-

187 2017 362 2093 grinatione
377 2017 520 2076 laetetur.
563 2018 699 2092 Etenim,
712 2017 817 2077 nescio
831 2037 892 2094 quo
907 2024 1007 2094 pacto,
1024 2021 1077 2079 vel
1093 2024 1191 2099 magis

186 2122 328 2182 homines
343 2122 432 2181 iuvat
446 2122 545 2198 gloria
558 2123 625 2181 lata
640 2142 733 2199 quam
748 2141 868 2198 magna.
912 2123 1000 2183 Vale.

585 2336 638 2397 48.
668 2333 791 2413 (xm.)

433 2494 462 2544 C.
489 2491 633 2541 PLINIUS
656 2490 789 2540 TACITO
814 2490 881 2540 SUO
905 2491 931 2541 S.

379 2630 461 2690 Pliny
473 2629 547 2689 telos
559 2633 585 2677 to
600 2627 690 2676 eodow
703 2639 719 2673 a
732 2625 821 2674 school
833 2631 862 2675 ut
877 2624 996 2676 Oeneum.
1099 2651 1107 2664 ι

228 2762 355 2822 Salvum
369 2767 400 2820 te
416 2761 449 2818 in
463 2760 570 2819 urbem
593 2758 715 2817 venisse
738 2757 873 2831 gaude03
895 2757 1013 2817 venisti
1032 2766 1149 2837 autem,
1165 2763 1189 2822 si
1207 2778 1216 2822 1

187 2868 311 2944 quando
326 2867 414 2940 alias,
430 2883 512 2924 nuno
527 2863 662 2923 maxime
677 2861 756 2920 mihi
772 2861 976 2921 desideratus.
1021 2864 1097 2941 Ipse
1119 2887 1189 2945 pau-

137 2987 166 3032 20
187 2973 265 3032 culis
281 2973 382 3030 adhuc
398 2971 507 3030 diebus
523 2969 556 3026 in
571 2967 747 3027 Tusculano
769 2968 988 3041 commorabor,
1010 2974 1046 3028 ut
1062 2989 1189 3048 opuscu-

186 3078 251 3136 lum
273 3078 356 3154 quod
377 3082 424 3136 est
452 3077 485 3134 in
513 3074 657 3133 manibus
678 3071 845 3132 absolvam.
887 3073 1004 3132 Vereor
1026 3076 1112 3135 enirn
1141 3091 1217 3151 ne,2

187 3183 214 3243 si
241 3183 322 3241 hanc
345 3181 552 3241 intentionem
575 3180 636 3237 iam
660 3177 693 3236 in
714 3176 776 3235 fine
802 3177 1007 3252 intermisero,
1029 3198 1122 3257 aegre
1147 3202 1189 3242 re

187 3307 315 3348 sumam.
360 3287 491 3346 Interim
506 3305 545 3343 ne
561 3284 637 3360 quid
652 3282 850 3342 festinationi
864 3301 951 3342 meae
972 3292 1091 3362 pereat,
1107 3289 1190 3365 quod

188 3413 255 3452 sum
272 3411 419 3469 praesens
441 3391 598 3468 petiturus
620 3389 678 3446 hac
701 3387 791 3464 quasi
816 3389 1029 3464 praecursoria
1051 3393 1190 3469 epistula

138 3515 167 3560 25
187 3517 268 3574 rogo.
313 3498 374 3557 Sed
398 3497 485 3573 prius
508 3495 612 3571 accipe
635 3512 744 3552 causas
766 3492 904 3566 rogandi.
948 3494 1097 3556 Proxime
1120 3516 1220 3561 cuma

188 3602 221 3660 in
249 3602 351 3678 patria
376 3601 521 3675 meatui,
544 3599 632 3658 venit
655 3599 695 3656 ad
722 3616 770 3655 me
797 3597 996 3656 salutandum
1020 3603 1189 3682 municipis

187 3706 249 3765 mei
276 3707 362 3765 filius
389 3710 613 3782 praetextatus.
665 3702 749 3761 Huic
778 3720 834 3777 ego
858 3703 1026 3763 ‘studes?'
1050 3705 1189 3786 inquam.
