<?xml version="1.0" encoding="UTF-8"?>
<!DOCTYPE html PUBLIC "-//W3C//DTD XHTML 1.0 Transitional//EN"
    "http://www.w3.org/TR/xhtml1/DTD/xhtml1-transitional.dtd">
<html xmlns="http://www.w3.org/1999/xhtml" xml:lang="en" lang="en">
 <head>
  <title>
</title>
<meta http-equiv="Content-Type" content="text/html;charset=utf-8" />
  <meta name='ocr-system' content='tesseract 3.04.00' />
  <meta name='ocr-capabilities' content='ocr_page ocr_carea ocr_par ocr_line ocrx_word'/>
</head>
<body>
  <div class='ocr_page' id='page_1' title='image "./cplinisecundiep02plingoog_0149.png"; bbox 0 0 2664 4170; ppageno 0'>
   <div class='ocr_carea' id='block_1_1' title="bbox 611 274 766 325">
    <p class='ocr_par' dir='ltr' id='par_1_1' title="bbox 611 274 766 325">
     <span class='ocr_line' id='line_1_1' title="bbox 611 274 766 325; baseline 0.006 -1"><span class='ocrx_word' id='word_1_1' title='bbox 611 274 644 324; x_wconf 83' lang='lat' dir='ltr'>C.</span> <span class='ocrx_word' id='word_1_2' title='bbox 664 275 766 325; x_wconf 80' lang='lat' dir='ltr'>PLINI</span> 
     </span>
    </p>
   </div>
   <div class='ocr_carea' id='block_1_2' title="bbox 552 510 823 593">
    <p class='ocr_par' dir='ltr' id='par_1_2' title="bbox 552 510 823 593">
     <span class='ocr_line' id='line_1_2' title="bbox 552 510 823 593; baseline -0.011 -21"><span class='ocrx_word' id='word_1_3' title='bbox 552 511 605 573; x_wconf 77' lang='lat' dir='ltr'>ea</span> <span class='ocrx_word' id='word_1_4' title='bbox 633 510 823 593; x_wconf 80' lang='grc'>00111111.)</span> 
     </span>
    </p>
   </div>
   <div class='ocr_carea' id='block_1_3' title="bbox 439 686 940 740">
    <p class='ocr_par' dir='ltr' id='par_1_3' title="bbox 439 686 940 740">
     <span class='ocr_line' id='line_1_3' title="bbox 439 686 940 740; baseline 0.012 -5"><span class='ocrx_word' id='word_1_5' title='bbox 439 687 468 736; x_wconf 89' lang='lat' dir='ltr'>C.</span> <span class='ocrx_word' id='word_1_6' title='bbox 495 687 640 737; x_wconf 72' lang='lat' dir='ltr'>PLINIUS</span> <span class='ocrx_word' id='word_1_7' title='bbox 661 686 796 737; x_wconf 85' lang='lat' dir='ltr'>TACITO</span> <span class='ocrx_word' id='word_1_8' title='bbox 819 688 888 740; x_wconf 88' lang='lat' dir='ltr'>SUO</span> <span class='ocrx_word' id='word_1_9' title='bbox 912 691 940 740; x_wconf 87' lang='lat' dir='ltr'>S.</span> 
     </span>
    </p>
   </div>
   <div class='ocr_carea' id='block_1_4' title="bbox 248 834 1135 902">
    <p class='ocr_par' dir='ltr' id='par_1_4' title="bbox 248 834 1135 902">
     <span class='ocr_line' id='line_1_4' title="bbox 248 834 1135 902; baseline 0.007 -18"><span class='ocrx_word' id='word_1_10' title='bbox 248 837 330 896; x_wconf 76' lang='lat' dir='ltr'>Pliny</span> <span class='ocrx_word' id='word_1_11' title='bbox 343 835 434 883; x_wconf 77' lang='lat' dir='ltr'>tristes</span> <span class='ocrx_word' id='word_1_12' title='bbox 445 841 472 883; x_wconf 78' lang='lat' dir='ltr'>to</span> <span class='ocrx_word' id='word_1_13' title='bbox 485 834 515 884; x_wconf 83' lang='lat' dir='ltr'>be</span> <span class='ocrx_word' id='word_1_14' title='bbox 527 835 724 884; x_wconf 78' lang='lat' dir='ltr'>immortalized</span> <span class='ocrx_word' id='word_1_15' title='bbox 734 835 764 884; x_wconf 82' lang='lat' dir='ltr'>in</span> <span class='ocrx_word' id='word_1_16' title='bbox 776 835 820 885; x_wconf 75' lang='lat' dir='ltr'>the</span> <span class='ocrx_word' id='word_1_17' title='bbox 831 836 960 887; x_wconf 64' lang='lat' dir='ltr'>testones</span> <span class='ocrx_word' id='word_1_18' title='bbox 972 840 1006 902; x_wconf 82' lang='lat' dir='ltr'>os</span> <span class='ocrx_word' id='word_1_19' title='bbox 1019 840 1135 890; x_wconf 80' lang='lat' dir='ltr'>Tacitus.</span> 
     </span>
    </p>
   </div>
   <div class='ocr_carea' id='block_1_5' title="bbox 136 974 1244 3792">
    <p class='ocr_par' dir='ltr' id='par_1_5' title="bbox 187 974 1208 1374">
     <span class='ocr_line' id='line_1_5' title="bbox 229 974 1205 1056; baseline 0.002 -16"><span class='ocrx_word' id='word_1_20' title='bbox 229 980 381 1056; x_wconf 80' lang='lat' dir='ltr'>Auguror,</span> <span class='ocrx_word' id='word_1_21' title='bbox 396 998 452 1038; x_wconf 89' lang='lat' dir='ltr'>nec</span> <span class='ocrx_word' id='word_1_22' title='bbox 468 998 517 1038; x_wconf 91' lang='lat' dir='ltr'>me</span> <span class='ocrx_word' id='word_1_23' title='bbox 531 979 619 1039; x_wconf 85' lang='lat' dir='ltr'>fallit</span> <span class='ocrx_word' id='word_1_24' title='bbox 633 974 807 1056; x_wconf 74' lang='lat' dir='ltr'><strong>augurium,</strong></span> <span class='ocrx_word' id='word_1_25' title='bbox 818 981 972 1042; x_wconf 83' lang='lat' dir='ltr'>historias</span> <span class='ocrx_word' id='word_1_26' title='bbox 986 989 1062 1046; x_wconf 86' lang='lat' dir='ltr'>tuas</span> <span class='ocrx_word' id='word_1_27' title='bbox 1077 985 1205 1043; x_wconf 90' lang='lat' dir='ltr'>immor-1</span> 
     </span>
     <span class='ocr_line' id='line_1_6' title="bbox 187 1084 1183 1164; baseline 0 -19"><span class='ocrx_word' id='word_1_28' title='bbox 187 1087 267 1145; x_wconf 84' lang='lat' dir='ltr'>tales</span> <span class='ocrx_word' id='word_1_29' title='bbox 292 1087 431 1159; x_wconf 76' lang='lat' dir='ltr'>futuras,</span> <span class='ocrx_word' id='word_1_30' title='bbox 464 1103 526 1161; x_wconf 91' lang='lat' dir='ltr'>quo</span> <span class='ocrx_word' id='word_1_31' title='bbox 550 1085 649 1160; x_wconf 85' lang='lat' dir='ltr'>magis</span> <span class='ocrx_word' id='word_1_32' title='bbox 677 1084 752 1159; x_wconf 89' lang='lat' dir='ltr'>illis,</span> <span class='ocrx_word' id='word_1_33' title='bbox 776 1085 910 1161; x_wconf 87' lang='lat' dir='ltr'>ingenue</span> <span class='ocrx_word' id='word_1_34' title='bbox 936 1088 1075 1164; x_wconf 87' lang='lat' dir='ltr'>fatebor,</span> <span class='ocrx_word' id='word_1_35' title='bbox 1100 1088 1183 1150; x_wconf 89' lang='lat' dir='ltr'>inseri</span> 
     </span>
     <span class='ocr_line' id='line_1_7' title="bbox 187 1190 1208 1269; baseline -0.001 -18"><span class='ocrx_word' id='word_1_36' title='bbox 187 1192 285 1269; x_wconf 91' lang='lat' dir='ltr'>cupio.</span> <span class='ocrx_word' id='word_1_37' title='bbox 328 1192 412 1249; x_wconf 85' lang='lat' dir='ltr'>Nam</span> <span class='ocrx_word' id='word_1_38' title='bbox 433 1190 460 1249; x_wconf 92' lang='lat' dir='ltr'>si</span> <span class='ocrx_word' id='word_1_39' title='bbox 481 1208 549 1250; x_wconf 88' lang='lat' dir='ltr'>esse</span> <span class='ocrx_word' id='word_1_40' title='bbox 574 1190 664 1250; x_wconf 90' lang='lat' dir='ltr'>nobis</span> <span class='ocrx_word' id='word_1_41' title='bbox 686 1209 778 1250; x_wconf 88' lang='lat' dir='ltr'>curae</span> <span class='ocrx_word' id='word_1_42' title='bbox 799 1191 880 1251; x_wconf 89' lang='lat' dir='ltr'>solet</span> <span class='ocrx_word' id='word_1_43' title='bbox 900 1198 938 1251; x_wconf 89' lang='lat' dir='ltr'>ut</span> <span class='ocrx_word' id='word_1_44' title='bbox 960 1193 1064 1255; x_wconf 87' lang='lat' dir='ltr'>facies</span> <span class='ocrx_word' id='word_1_45' title='bbox 1088 1200 1208 1255; x_wconf 79' lang='grc'>11001101</span> 
     </span>
     <span class='ocr_line' id='line_1_8' title="bbox 187 1277 1184 1374; baseline 0.003 -18"><span class='ocrx_word' id='word_1_46' title='bbox 187 1297 225 1356; x_wconf 91' lang='lat' dir='ltr'>ab</span> <span class='ocrx_word' id='word_1_47' title='bbox 248 1297 366 1374; x_wconf 91' lang='lat' dir='ltr'>optimo</span> <span class='ocrx_word' id='word_1_48' title='bbox 394 1313 516 1372; x_wconf 93' lang='lat' dir='ltr'>quoque</span> <span class='ocrx_word' id='word_1_49' title='bbox 541 1294 661 1354; x_wconf 82' lang='lat' dir='ltr'>artifice</span> <span class='ocrx_word' id='word_1_50' title='bbox 685 1277 887 1372; x_wconf 70' lang='lat' dir='ltr'>exprimatur,</span> <span class='ocrx_word' id='word_1_51' title='bbox 911 1316 1019 1358; x_wconf 91' lang='lat' dir='ltr'>nonne</span> <span class='ocrx_word' id='word_1_52' title='bbox 1045 1301 1184 1361; x_wconf 84' lang='lat' dir='ltr'>debemus</span> 
     </span>
    </p>

    <p class='ocr_par' dir='ltr' id='par_1_6' title="bbox 152 1400 1244 1901">
     <span class='ocr_line' id='line_1_9' title="bbox 152 1400 1185 1483; baseline 0.003 -19"><span class='ocrx_word' id='word_1_53' title='bbox 152 1422 167 1465; x_wconf 89' lang='lat'>5</span> <span class='ocrx_word' id='word_1_54' title='bbox 186 1410 294 1481; x_wconf 90' lang='lat' dir='ltr'>optare</span> <span class='ocrx_word' id='word_1_55' title='bbox 313 1408 349 1460; x_wconf 90' lang='lat' dir='ltr'>ut</span> <span class='ocrx_word' id='word_1_56' title='bbox 370 1401 514 1479; x_wconf 87' lang='lat' dir='ltr'>operibus</span> <span class='ocrx_word' id='word_1_57' title='bbox 535 1401 651 1460; x_wconf 88' lang='lat' dir='ltr'>nostris</span> <span class='ocrx_word' id='word_1_58' title='bbox 673 1400 786 1462; x_wconf 90' lang='lat' dir='ltr'>similis</span> <span class='ocrx_word' id='word_1_59' title='bbox 806 1401 854 1461; x_wconf 91' lang='lat' dir='ltr'>tui</span> <span class='ocrx_word' id='word_1_60' title='bbox 875 1403 1014 1480; x_wconf 76' lang='lat' dir='ltr'>scriptor</span> <span class='ocrx_word' id='word_1_61' title='bbox 1035 1407 1185 1483; x_wconf 76' lang='lat' dir='ltr'>praediea</span> 
     </span>
     <span class='ocr_line' id='line_1_10' title="bbox 186 1506 1209 1588; baseline 0.002 -21"><span class='ocrx_word' id='word_1_62' title='bbox 186 1514 296 1585; x_wconf 91' lang='lat' dir='ltr'>torque</span> <span class='ocrx_word' id='word_1_63' title='bbox 329 1506 514 1581; x_wconf 85' lang='lat' dir='ltr'>contingat?</span> <span class='ocrx_word' id='word_1_64' title='bbox 576 1506 764 1565; x_wconf 86' lang='lat' dir='ltr'>Demonstro</span> <span class='ocrx_word' id='word_1_65' title='bbox 791 1525 873 1582; x_wconf 78' lang='lat' dir='ltr'>ergo,</span> <span class='ocrx_word' id='word_1_66' title='bbox 902 1526 1099 1588; x_wconf 87' lang='lat' dir='ltr'>quamquam</span> <span class='ocrx_word' id='word_1_67' title='bbox 1125 1512 1209 1571; x_wconf 81' lang='lat' dir='ltr'>dili-3</span> 
     </span>
     <span class='ocr_line' id='line_1_11' title="bbox 186 1611 1244 1694; baseline 0.008 -23"><span class='ocrx_word' id='word_1_68' title='bbox 186 1613 323 1688; x_wconf 87' lang='lat' dir='ltr'>gentiam</span> <span class='ocrx_word' id='word_1_69' title='bbox 351 1618 438 1670; x_wconf 89' lang='lat' dir='ltr'>tuam</span> <span class='ocrx_word' id='word_1_70' title='bbox 466 1613 574 1687; x_wconf 84' lang='lat' dir='ltr'>fugere</span> <span class='ocrx_word' id='word_1_71' title='bbox 601 1628 665 1670; x_wconf 92' lang='lat' dir='ltr'>non</span> <span class='ocrx_word' id='word_1_72' title='bbox 688 1611 797 1689; x_wconf 88' lang='lat' dir='ltr'>possit,</span> <span class='ocrx_word' id='word_1_73' title='bbox 822 1631 893 1671; x_wconf 88' lang='lat' dir='ltr'>cum</span> <span class='ocrx_word' id='word_1_74' title='bbox 920 1612 965 1673; x_wconf 93' lang='lat' dir='ltr'>sit</span> <span class='ocrx_word' id='word_1_75' title='bbox 994 1615 1028 1673; x_wconf 89' lang='lat' dir='ltr'>in</span> <span class='ocrx_word' id='word_1_76' title='bbox 1058 1617 1184 1694; x_wconf 91' lang='lat' dir='ltr'>publicis</span> <span class='ocrx_word' id='word_1_77' title='bbox 1239 1628 1244 1639; x_wconf 87' lang='grc'><em>“</em></span> 
     </span>
     <span class='ocr_line' id='line_1_12' title="bbox 186 1717 1185 1793; baseline 0.002 -17"><span class='ocrx_word' id='word_1_78' title='bbox 186 1718 274 1792; x_wconf 89' lang='lat' dir='ltr'>actis,</span> <span class='ocrx_word' id='word_1_79' title='bbox 289 1718 467 1775; x_wconf 89' lang='lat' dir='ltr'>demonstro</span> <span class='ocrx_word' id='word_1_80' title='bbox 482 1722 596 1790; x_wconf 88' lang='lat' dir='ltr'>tamen,</span> <span class='ocrx_word' id='word_1_81' title='bbox 611 1735 673 1793; x_wconf 93' lang='lat' dir='ltr'>quo</span> <span class='ocrx_word' id='word_1_82' title='bbox 687 1717 787 1792; x_wconf 84' lang='lat' dir='ltr'>magis</span> <span class='ocrx_word' id='word_1_83' title='bbox 799 1717 908 1777; x_wconf 87' lang='lat' dir='ltr'>eredas</span> <span class='ocrx_word' id='word_1_84' title='bbox 923 1717 1100 1780; x_wconf 90' lang='lat' dir='ltr'>iucundum</span> <span class='ocrx_word' id='word_1_85' title='bbox 1114 1722 1185 1780; x_wconf 92' lang='lat' dir='ltr'>mibi</span> 
     </span>
     <span class='ocr_line' id='line_1_13' title="bbox 185 1821 1183 1901; baseline 0.005 -20"><span class='ocrx_word' id='word_1_86' title='bbox 185 1823 337 1896; x_wconf 87' lang='lat' dir='ltr'>futurum,</span> <span class='ocrx_word' id='word_1_87' title='bbox 361 1822 388 1880; x_wconf 92' lang='lat' dir='ltr'>si</span> <span class='ocrx_word' id='word_1_88' title='bbox 412 1821 531 1880; x_wconf 81' lang='lat' dir='ltr'>iactum</span> <span class='ocrx_word' id='word_1_89' title='bbox 553 1840 665 1896; x_wconf 89' lang='lat' dir='ltr'>meum,</span> <span class='ocrx_word' id='word_1_90' title='bbox 689 1821 777 1881; x_wconf 92' lang='lat' dir='ltr'>cuius</span> <span class='ocrx_word' id='word_1_91' title='bbox 797 1821 900 1898; x_wconf 84' lang='lat' dir='ltr'>gratia</span> <span class='ocrx_word' id='word_1_92' title='bbox 919 1823 1063 1901; x_wconf 86' lang='lat' dir='ltr'>periculo</span> <span class='ocrx_word' id='word_1_93' title='bbox 1085 1827 1183 1900; x_wconf 87' lang='lat' dir='ltr'>crevit,</span> 
     </span>
    </p>

    <p class='ocr_par' dir='ltr' id='par_1_7' title="bbox 139 1926 1208 2427">
     <span class='ocr_line' id='line_1_14' title="bbox 139 1926 1208 2002; baseline -0.001 -16"><span class='ocrx_word' id='word_1_94' title='bbox 139 1942 167 1986; x_wconf 93' lang='lat'>10</span> <span class='ocrx_word' id='word_1_95' title='bbox 185 1933 240 1986; x_wconf 91' lang='lat' dir='ltr'>tuo</span> <span class='ocrx_word' id='word_1_96' title='bbox 260 1926 394 2002; x_wconf 88' lang='lat' dir='ltr'>ingenio,</span> <span class='ocrx_word' id='word_1_97' title='bbox 416 1931 471 1985; x_wconf 90' lang='lat' dir='ltr'>tuo</span> <span class='ocrx_word' id='word_1_98' title='bbox 491 1926 673 1986; x_wconf 88' lang='lat' dir='ltr'>testimonio</span> <span class='ocrx_word' id='word_1_99' title='bbox 692 1926 860 1986; x_wconf 85' lang='lat' dir='ltr'>ornareris.</span> <span class='ocrx_word' id='word_1_100' title='bbox 911 1927 1055 1990; x_wconf 86' lang='lat' dir='ltr'>Dederat</span> <span class='ocrx_word' id='word_1_101' title='bbox 1077 1951 1127 1992; x_wconf 92' lang='lat' dir='ltr'>me</span> <span class='ocrx_word' id='word_1_102' title='bbox 1147 1941 1208 1991; x_wconf 74' lang='lat' dir='ltr'>ser</span> 
     </span>
     <span class='ocr_line' id='line_1_15' title="bbox 185 2031 1183 2113; baseline 0.005 -22"><span class='ocrx_word' id='word_1_103' title='bbox 185 2039 278 2091; x_wconf 87' lang='lat' dir='ltr'>natus</span> <span class='ocrx_word' id='word_1_104' title='bbox 305 2050 375 2090; x_wconf 90' lang='lat' dir='ltr'>cum</span> <span class='ocrx_word' id='word_1_105' title='bbox 407 2031 568 2090; x_wconf 89' lang='lat' dir='ltr'>Herennio</span> <span class='ocrx_word' id='word_1_106' title='bbox 597 2031 765 2091; x_wconf 82' lang='lat' dir='ltr'>Senecione</span> <span class='ocrx_word' id='word_1_107' title='bbox 792 2031 981 2092; x_wconf 85' lang='lat' dir='ltr'>advocatum</span> <span class='ocrx_word' id='word_1_108' title='bbox 1009 2036 1183 2113; x_wconf 83' lang='lat' dir='ltr'>provinciae</span> 
     </span>
     <span class='ocr_line' id='line_1_16' title="bbox 186 2136 1183 2217; baseline 0.004 -22"><span class='ocrx_word' id='word_1_109' title='bbox 186 2137 331 2196; x_wconf 84' lang='lat' dir='ltr'>Baeticae</span> <span class='ocrx_word' id='word_1_110' title='bbox 359 2142 468 2195; x_wconf 88' lang='lat' dir='ltr'>contra</span> <span class='ocrx_word' id='word_1_111' title='bbox 492 2136 642 2196; x_wconf 87' lang='lat' dir='ltr'>Baebium</span> <span class='ocrx_word' id='word_1_112' title='bbox 670 2138 817 2212; x_wconf 88' lang='lat' dir='ltr'>Massam,</span> <span class='ocrx_word' id='word_1_113' title='bbox 842 2137 1055 2217; x_wconf 87' lang='lat' dir='ltr'>damnatoque</span> <span class='ocrx_word' id='word_1_114' title='bbox 1084 2143 1183 2201; x_wconf 84' lang='lat' dir='ltr'>Massa</span> 
     </span>
     <span class='ocr_line' id='line_1_17' title="bbox 185 2242 1181 2320; baseline 0.003 -19"><span class='ocrx_word' id='word_1_115' title='bbox 185 2249 348 2301; x_wconf 89' lang='lat' dir='ltr'>censuerat</span> <span class='ocrx_word' id='word_1_116' title='bbox 369 2249 404 2301; x_wconf 87' lang='lat' dir='ltr'>ut</span> <span class='ocrx_word' id='word_1_117' title='bbox 425 2242 506 2301; x_wconf 86' lang='lat' dir='ltr'>bona</span> <span class='ocrx_word' id='word_1_118' title='bbox 527 2242 593 2301; x_wconf 90' lang='lat' dir='ltr'>eius</span> <span class='ocrx_word' id='word_1_119' title='bbox 617 2242 741 2319; x_wconf 87' lang='lat' dir='ltr'>publice</span> <span class='ocrx_word' id='word_1_120' title='bbox 763 2242 1005 2303; x_wconf 81' lang='lat' dir='ltr'>custodirentur.</span> <span class='ocrx_word' id='word_1_121' title='bbox 1051 2247 1181 2320; x_wconf 82' lang='lat' dir='ltr'>Senecio,</span> 
     </span>
     <span class='ocr_line' id='line_1_18' title="bbox 184 2346 1182 2427; baseline 0.002 -20"><span class='ocrx_word' id='word_1_122' title='bbox 184 2366 255 2407; x_wconf 91' lang='lat' dir='ltr'>eum</span> <span class='ocrx_word' id='word_1_123' title='bbox 275 2347 467 2424; x_wconf 86' lang='lat' dir='ltr'>explorasset</span> <span class='ocrx_word' id='word_1_124' title='bbox 486 2347 629 2406; x_wconf 85' lang='lat' dir='ltr'>eonsules</span> <span class='ocrx_word' id='word_1_125' title='bbox 646 2346 910 2425; x_wconf 88' lang='lat' dir='ltr'>postulationibus</span> <span class='ocrx_word' id='word_1_126' title='bbox 930 2356 1107 2427; x_wconf 89' lang='lat' dir='ltr'>vacaturos,</span> <span class='ocrx_word' id='word_1_127' title='bbox 1123 2371 1182 2412; x_wconf 90' lang='grc'>0011-</span> 
     </span>
    </p>

    <p class='ocr_par' dir='ltr' id='par_1_8' title="bbox 138 2452 1182 2741">
     <span class='ocr_line' id='line_1_19' title="bbox 138 2452 1181 2532; baseline 0.002 -19"><span class='ocrx_word' id='word_1_128' title='bbox 138 2452 272 2513; x_wconf 75' lang='lat' dir='ltr'>revenit</span> <span class='ocrx_word' id='word_1_129' title='bbox 300 2471 349 2511; x_wconf 90' lang='lat' dir='ltr'>me</span> <span class='ocrx_word' id='word_1_130' title='bbox 377 2460 408 2512; x_wconf 93' lang='lat' dir='ltr'>et</span> <span class='ocrx_word' id='word_1_131' title='bbox 437 2460 516 2531; x_wconf 84' lang='lat' dir='ltr'>‘qua</span> <span class='ocrx_word' id='word_1_132' title='bbox 542 2455 721 2514; x_wconf 88' lang='lat' dir='ltr'>concordia’</span> <span class='ocrx_word' id='word_1_133' title='bbox 746 2453 851 2532; x_wconf 91' lang='lat' dir='ltr'>inquit</span> <span class='ocrx_word' id='word_1_134' title='bbox 876 2453 1071 2516; x_wconf 84' lang='lat' dir='ltr'>‘iniunctam</span> <span class='ocrx_word' id='word_1_135' title='bbox 1099 2456 1181 2516; x_wconf 91' lang='lat' dir='ltr'>nobis</span> 
     </span>
     <span class='ocr_line' id='line_1_20' title="bbox 185 2558 1182 2640; baseline 0.004 -24"><span class='ocrx_word' id='word_1_136' title='bbox 185 2558 412 2617; x_wconf 88' lang='lat' dir='ltr'>accusationem</span> <span class='ocrx_word' id='word_1_137' title='bbox 428 2560 565 2618; x_wconf 85' lang='lat' dir='ltr'>exsecuti</span> <span class='ocrx_word' id='word_1_138' title='bbox 582 2577 697 2634; x_wconf 91' lang='lat' dir='ltr'>sumus,</span> <span class='ocrx_word' id='word_1_139' title='bbox 708 2559 767 2619; x_wconf 87' lang='lat' dir='ltr'>hac</span> <span class='ocrx_word' id='word_1_140' title='bbox 781 2560 929 2620; x_wconf 89' lang='lat' dir='ltr'>adeamus</span> <span class='ocrx_word' id='word_1_141' title='bbox 943 2561 1090 2621; x_wconf 92' lang='lat' dir='ltr'>consules</span> <span class='ocrx_word' id='word_1_142' title='bbox 1105 2567 1182 2640; x_wconf 75' lang='lat' dir='ltr'>peta</span> 
     </span>
     <span class='ocr_line' id='line_1_21' title="bbox 185 2649 1182 2741; baseline 0.004 -20"><span class='ocrx_word' id='word_1_143' title='bbox 185 2682 314 2740; x_wconf 89' lang='lat' dir='ltr'>musque</span> <span class='ocrx_word' id='word_1_144' title='bbox 329 2682 367 2722; x_wconf 91' lang='grc'>110</span> <span class='ocrx_word' id='word_1_145' title='bbox 383 2664 463 2723; x_wconf 86' lang='lat' dir='ltr'>bona</span> <span class='ocrx_word' id='word_1_146' title='bbox 477 2664 629 2741; x_wconf 85' lang='lat' dir='ltr'>dissipare</span> <span class='ocrx_word' id='word_1_147' title='bbox 645 2665 750 2724; x_wconf 88' lang='lat' dir='ltr'>sinant</span> <span class='ocrx_word' id='word_1_148' title='bbox 767 2683 897 2741; x_wconf 91' lang='lat' dir='ltr'>quorum</span> <span class='ocrx_word' id='word_1_149' title='bbox 912 2682 980 2725; x_wconf 90' lang='lat' dir='ltr'>esse</span> <span class='ocrx_word' id='word_1_150' title='bbox 995 2649 1032 2724; x_wconf 90' lang='lat' dir='ltr'>in</span> <span class='ocrx_word' id='word_1_151' title='bbox 1045 2666 1182 2727; x_wconf 84' lang='lat' dir='ltr'>custodia</span> 
     </span>
    </p>

    <p class='ocr_par' dir='ltr' id='par_1_9' title="bbox 140 2768 1206 2953">
     <span class='ocr_line' id='line_1_22' title="bbox 140 2768 1206 2846; baseline -0.003 -15"><span class='ocrx_word' id='word_1_152' title='bbox 140 2823 157 2841; x_wconf 71' lang='grc'>,,</span> <span class='ocrx_word' id='word_1_153' title='bbox 186 2768 319 2827; x_wconf 88' lang='lat' dir='ltr'>debent’</span> <span class='ocrx_word' id='word_1_154' title='bbox 361 2769 522 2846; x_wconf 82' lang='lat' dir='ltr'>Respondi</span> <span class='ocrx_word' id='word_1_155' title='bbox 544 2776 631 2828; x_wconf 87' lang='lat' dir='ltr'>‘eum</span> <span class='ocrx_word' id='word_1_156' title='bbox 654 2770 750 2829; x_wconf 92' lang='lat' dir='ltr'>simus</span> <span class='ocrx_word' id='word_1_157' title='bbox 772 2770 915 2829; x_wconf 88' lang='lat' dir='ltr'>advocati</span> <span class='ocrx_word' id='word_1_158' title='bbox 935 2789 954 2830; x_wconf 89' lang='lat' dir='ltr'>a</span> <span class='ocrx_word' id='word_1_159' title='bbox 975 2777 1090 2831; x_wconf 89' lang='lat' dir='ltr'>senatu</span> <span class='ocrx_word' id='word_1_160' title='bbox 1112 2771 1206 2845; x_wconf 70' lang='lat' dir='ltr'>datis</span> 
     </span>
     <span class='ocr_line' id='line_1_23' title="bbox 186 2874 1181 2953; baseline 0.002 -20"><span class='ocrx_word' id='word_1_161' title='bbox 186 2874 304 2951; x_wconf 89' lang='lat' dir='ltr'>dispice</span> <span class='ocrx_word' id='word_1_162' title='bbox 321 2894 396 2932; x_wconf 90' lang='lat' dir='ltr'>num</span> <span class='ocrx_word' id='word_1_163' title='bbox 413 2881 554 2952; x_wconf 86' lang='lat' dir='ltr'>peractas</span> <span class='ocrx_word' id='word_1_164' title='bbox 572 2881 663 2952; x_wconf 94' lang='lat' dir='ltr'>putes</span> <span class='ocrx_word' id='word_1_165' title='bbox 680 2881 785 2952; x_wconf 84' lang='lat' dir='ltr'>partes</span> <span class='ocrx_word' id='word_1_166' title='bbox 801 2882 923 2935; x_wconf 89' lang='lat' dir='ltr'>nostras</span> <span class='ocrx_word' id='word_1_167' title='bbox 941 2882 1072 2937; x_wconf 89' lang='lat' dir='ltr'>senatus</span> <span class='ocrx_word' id='word_1_168' title='bbox 1086 2877 1181 2953; x_wconf 87' lang='lat' dir='ltr'>cogni·</span> 
     </span>
    </p>

    <p class='ocr_par' dir='ltr' id='par_1_10' title="bbox 136 2979 1204 3478">
     <span class='ocr_line' id='line_1_24' title="bbox 136 2979 1181 3059; baseline 0.006 -23"><span class='ocrx_word' id='word_1_169' title='bbox 136 2980 269 3039; x_wconf 77' lang='lat' dir='ltr'>actione</span> <span class='ocrx_word' id='word_1_170' title='bbox 296 2979 405 3039; x_wconf 86' lang='lat' dir='ltr'>finita&#39;</span> <span class='ocrx_word' id='word_1_171' title='bbox 459 2982 501 3040; x_wconf 84' lang='lat' dir='ltr'>Et</span> <span class='ocrx_word' id='word_1_172' title='bbox 528 2980 583 3040; x_wconf 90' lang='lat' dir='ltr'>ille</span> <span class='ocrx_word' id='word_1_173' title='bbox 611 2986 663 3040; x_wconf 87' lang='lat' dir='ltr'>‘tu</span> <span class='ocrx_word' id='word_1_174' title='bbox 695 3001 786 3059; x_wconf 90' lang='lat' dir='ltr'>quem</span> <span class='ocrx_word' id='word_1_175' title='bbox 814 2981 900 3041; x_wconf 87' lang='lat' dir='ltr'>voles</span> <span class='ocrx_word' id='word_1_176' title='bbox 927 2981 987 3041; x_wconf 92' lang='lat' dir='ltr'>tibi</span> <span class='ocrx_word' id='word_1_177' title='bbox 1015 2983 1181 3042; x_wconf 89' lang='lat' dir='ltr'>terminum</span> 
     </span>
     <span class='ocr_line' id='line_1_25' title="bbox 186 3085 1180 3164; baseline 0.001 -20"><span class='ocrx_word' id='word_1_178' title='bbox 186 3091 313 3159; x_wconf 86' lang='lat' dir='ltr'>statues,</span> <span class='ocrx_word' id='word_1_179' title='bbox 342 3085 393 3143; x_wconf 92' lang='lat' dir='ltr'>cui</span> <span class='ocrx_word' id='word_1_180' title='bbox 420 3085 508 3144; x_wconf 87' lang='lat' dir='ltr'>nulia</span> <span class='ocrx_word' id='word_1_181' title='bbox 535 3105 605 3145; x_wconf 90' lang='lat' dir='ltr'>cum</span> <span class='ocrx_word' id='word_1_182' title='bbox 640 3087 802 3164; x_wconf 87' lang='lat' dir='ltr'>provincia</span> <span class='ocrx_word' id='word_1_183' title='bbox 829 3085 1029 3146; x_wconf 88' lang='lat' dir='ltr'>necessitudo</span> <span class='ocrx_word' id='word_1_184' title='bbox 1056 3087 1120 3148; x_wconf 92' lang='lat' dir='ltr'>nisi</span> <span class='ocrx_word' id='word_1_185' title='bbox 1146 3106 1180 3147; x_wconf 87' lang='lat' dir='ltr'>ex</span> 
     </span>
     <span class='ocr_line' id='line_1_26' title="bbox 184 3190 1181 3270; baseline -0.001 -20"><span class='ocrx_word' id='word_1_186' title='bbox 184 3190 333 3250; x_wconf 86' lang='lat' dir='ltr'>beneficio</span> <span class='ocrx_word' id='word_1_187' title='bbox 347 3196 410 3265; x_wconf 91' lang='lat' dir='ltr'>tuo,</span> <span class='ocrx_word' id='word_1_188' title='bbox 426 3197 457 3249; x_wconf 92' lang='lat' dir='ltr'>et</span> <span class='ocrx_word' id='word_1_189' title='bbox 470 3191 529 3250; x_wconf 93' lang='grc'>1100</span> <span class='ocrx_word' id='word_1_190' title='bbox 544 3191 678 3250; x_wconf 86' lang='lat' dir='ltr'>recenti:</span> <span class='ocrx_word' id='word_1_191' title='bbox 701 3192 768 3269; x_wconf 88' lang='lat' dir='ltr'>ipse</span> <span class='ocrx_word' id='word_1_192' title='bbox 779 3198 810 3252; x_wconf 93' lang='lat' dir='ltr'>et</span> <span class='ocrx_word' id='word_1_193' title='bbox 825 3198 917 3251; x_wconf 88' lang='lat' dir='ltr'>natus</span> <span class='ocrx_word' id='word_1_194' title='bbox 932 3191 977 3251; x_wconf 92' lang='lat' dir='ltr'>ibi</span> <span class='ocrx_word' id='word_1_195' title='bbox 991 3197 1024 3251; x_wconf 93' lang='lat' dir='ltr'>et</span> <span class='ocrx_word' id='word_1_196' title='bbox 1039 3198 1181 3270; x_wconf 87' lang='lat' dir='ltr'>quaestor</span> 
     </span>
     <span class='ocr_line' id='line_1_27' title="bbox 184 3296 1204 3372; baseline 0.002 -17"><span class='ocrx_word' id='word_1_197' title='bbox 184 3296 217 3355; x_wconf 92' lang='lat' dir='ltr'>in</span> <span class='ocrx_word' id='word_1_198' title='bbox 232 3315 269 3356; x_wconf 91' lang='lat' dir='ltr'>ea</span> <span class='ocrx_word' id='word_1_199' title='bbox 282 3296 350 3355; x_wconf 83' lang='lat' dir='ltr'>fui&#39;</span> <span class='ocrx_word' id='word_1_200' title='bbox 392 3298 468 3355; x_wconf 86' lang='lat' dir='ltr'>Tum</span> <span class='ocrx_word' id='word_1_201' title='bbox 486 3316 542 3372; x_wconf 88' lang='lat' dir='ltr'>ego</span> <span class='ocrx_word' id='word_1_202' title='bbox 558 3297 601 3357; x_wconf 82' lang='lat' dir='ltr'>‘si</span> <span class='ocrx_word' id='word_1_203' title='bbox 616 3297 713 3356; x_wconf 88' lang='lat' dir='ltr'>fixum</span> <span class='ocrx_word' id='word_1_204' title='bbox 731 3298 790 3358; x_wconf 90' lang='lat' dir='ltr'>tibi</span> <span class='ocrx_word' id='word_1_205' title='bbox 807 3298 893 3357; x_wconf 89' lang='lat' dir='ltr'>istud</span> <span class='ocrx_word' id='word_1_206' title='bbox 912 3316 947 3356; x_wconf 90' lang='grc'>00</span> <span class='ocrx_word' id='word_1_207' title='bbox 966 3297 1204 3370; x_wconf 79' lang='grc'>(101111010111111,6</span> 
     </span>
     <span class='ocr_line' id='line_1_28' title="bbox 185 3401 1178 3478; baseline 0.002 -18"><span class='ocrx_word' id='word_1_208' title='bbox 185 3420 296 3478; x_wconf 87' lang='lat' dir='ltr'>sequar</span> <span class='ocrx_word' id='word_1_209' title='bbox 317 3407 357 3476; x_wconf 90' lang='lat' dir='ltr'>te,</span> <span class='ocrx_word' id='word_1_210' title='bbox 380 3407 423 3476; x_wconf 91' lang='lat' dir='ltr'>ut,</span> <span class='ocrx_word' id='word_1_211' title='bbox 447 3401 555 3478; x_wconf 85' lang='lat' dir='ltr'>siqua</span> <span class='ocrx_word' id='word_1_212' title='bbox 577 3403 694 3461; x_wconf 80' lang='lat' dir='ltr'>euhoe</span> <span class='ocrx_word' id='word_1_213' title='bbox 718 3403 848 3477; x_wconf 88' lang='lat' dir='ltr'>invidia,</span> <span class='ocrx_word' id='word_1_214' title='bbox 873 3421 935 3461; x_wconf 90' lang='grc'>11011</span> <span class='ocrx_word' id='word_1_215' title='bbox 959 3407 1085 3462; x_wconf 86' lang='grc'>1011111111</span> <span class='ocrx_word' id='word_1_216' title='bbox 1109 3401 1178 3463; x_wconf 83' lang='lat' dir='ltr'>tua&#39;</span> 
     </span>
    </p>

    <p class='ocr_par' dir='ltr' id='par_1_11' title="bbox 136 3506 1203 3792">
     <span class='ocr_line' id='line_1_29' title="bbox 136 3506 1203 3585; baseline 0.001 -22"><span class='ocrx_word' id='word_1_217' title='bbox 136 3517 164 3563; x_wconf 75' lang='lat'>2⁶</span> <span class='ocrx_word' id='word_1_218' title='bbox 184 3506 337 3567; x_wconf 85' lang='lat' dir='ltr'>Venimus</span> <span class='ocrx_word' id='word_1_219' title='bbox 362 3508 401 3566; x_wconf 86' lang='lat' dir='ltr'>ad</span> <span class='ocrx_word' id='word_1_220' title='bbox 426 3507 577 3581; x_wconf 90' lang='lat' dir='ltr'>consules,</span> <span class='ocrx_word' id='word_1_221' title='bbox 603 3508 679 3566; x_wconf 89' lang='lat' dir='ltr'>dicit</span> <span class='ocrx_word' id='word_1_222' title='bbox 705 3508 833 3567; x_wconf 85' lang='lat' dir='ltr'>Senecio</span> <span class='ocrx_word' id='word_1_223' title='bbox 858 3525 937 3585; x_wconf 88' lang='lat' dir='ltr'>quae</span> <span class='ocrx_word' id='word_1_224' title='bbox 965 3526 1014 3568; x_wconf 89' lang='lat' dir='ltr'>res</span> <span class='ocrx_word' id='word_1_225' title='bbox 1044 3508 1203 3568; x_wconf 67' lang='lat' dir='ltr'>ferebatzt</span> 
     </span>
     <span class='ocr_line' id='line_1_30' title="bbox 184 3610 1178 3688; baseline 0.002 -20"><span class='ocrx_word' id='word_1_226' title='bbox 184 3610 290 3688; x_wconf 87' lang='lat' dir='ltr'>aliqua</span> <span class='ocrx_word' id='word_1_227' title='bbox 324 3612 484 3688; x_wconf 80' lang='lat' dir='ltr'>subiungo.</span> <span class='ocrx_word' id='word_1_228' title='bbox 547 3612 685 3672; x_wconf 80' lang='lat' dir='ltr'>Vixdum</span> <span class='ocrx_word' id='word_1_229' title='bbox 720 3614 975 3686; x_wconf 88' lang='lat' dir='ltr'>conticueramus,</span> <span class='ocrx_word' id='word_1_230' title='bbox 1011 3618 1043 3672; x_wconf 91' lang='lat' dir='ltr'>et</span> <span class='ocrx_word' id='word_1_231' title='bbox 1078 3615 1178 3672; x_wconf 83' lang='lat' dir='ltr'>Massa</span> 
     </span>
     <span class='ocr_line' id='line_1_31' title="bbox 184 3717 1178 3792; baseline 0.005 -19"><span class='ocrx_word' id='word_1_232' title='bbox 184 3725 314 3792; x_wconf 87' lang='lat' dir='ltr'>questus</span> <span class='ocrx_word' id='word_1_233' title='bbox 330 3717 528 3777; x_wconf 89' lang='lat' dir='ltr'>Senecionem</span> <span class='ocrx_word' id='word_1_234' title='bbox 543 3737 606 3776; x_wconf 91' lang='lat' dir='ltr'>non</span> <span class='ocrx_word' id='word_1_235' title='bbox 625 3717 769 3777; x_wconf 85' lang='lat' dir='ltr'>advocati</span> <span class='ocrx_word' id='word_1_236' title='bbox 787 3718 881 3778; x_wconf 90' lang='lat' dir='ltr'>fidem</span> <span class='ocrx_word' id='word_1_237' title='bbox 899 3718 955 3778; x_wconf 91' lang='lat' dir='ltr'>sed</span> <span class='ocrx_word' id='word_1_238' title='bbox 968 3717 1090 3777; x_wconf 91' lang='lat' dir='ltr'>inimici</span> <span class='ocrx_word' id='word_1_239' title='bbox 1103 3735 1178 3777; x_wconf 69' lang='lat' dir='ltr'>amer</span> 
     </span>
    </p>
   </div>
   <div class='ocr_carea' id='block_1_6' title="bbox 0 0 1336 4170">
    <p class='ocr_par' dir='ltr' id='par_1_12' title="bbox 0 0 1336 4170">
     <span class='ocr_line' id='line_1_32' title="bbox 0 0 1336 4170; baseline 0 2"><span class='ocrx_word' id='word_1_240' title='bbox 0 0 1336 4170; x_wconf 95' lang='lat' dir='ltr'> </span> 
     </span>
    </p>
   </div>
  </div>
 </body>
</html>
