2664 4170
604 275 634 328 C.
657 277 755 329 PLINI

601 532 653 592 aa.
683 529 755 611 (Π.)

339 689 369 741 C.
393 689 537 740 PLINIUS
559 689 670 739 ΑΤΤΙΟ
693 689 881 740 CLEMENTI
904 689 976 741 SUO
1000 691 1029 741 S.

314 837 422 887 Absurd
434 839 578 900 mournarq
591 838 623 900 os
630 837 752 900 Baculus
758 838 808 900 sor
818 837 862 886 his
873 837 951 887 soa's
962 839 1054 888 death.

222 984 362 1059 Regulus
390 983 491 1041 filium
517 982 631 1058 amisit,
654 983 713 1042 hoc
733 1001 796 1042 uno
816 981 900 1042 malo
920 983 1088 1060 indignus,
1110 983 1210 1061 quodi

182 1089 285 1148 nescio
314 1108 354 1147 an
381 1089 499 1147 malum
524 1095 622 1165 putet.
665 1089 743 1147 Erat
769 1105 846 1165 puer
873 1087 956 1146 acris
985 1089 1111 1164 ingenii
1138 1089 1184 1148 sed

182 1194 328 1269 ambigui,
350 1193 405 1270 qui
426 1200 531 1252 tamen
552 1199 659 1270 posset
680 1198 765 1252 recta
785 1193 905 1266 sectari,
928 1193 958 1252 si
979 1199 1106 1271 patrem
1130 1214 1184 1254 non

182 1299 322 1357 referret.
366 1300 460 1357 Hunc
488 1297 629 1372 Regulus
657 1297 878 1374 emancipavit,
900 1303 937 1356 ut
961 1299 1057 1360 heres
1083 1300 1209 1360 matrisa

147 1405 352 1479 sexisteret3
388 1403 599 1480 mancipatum
623 1402 682 1480 (ita
707 1403 802 1479 vulgo
823 1422 861 1462 ex
882 1404 1024 1464 moribus
1055 1405 1184 1465 hominis

182 1511 402 1588 loquebantur)
424 1509 518 1568 foeda
545 1514 577 1568 et
605 1508 732 1568 insolita
759 1509 942 1586 parentibus
972 1510 1185 1588 indulgentiae

183 1616 381 1676 simulatione
402 1616 557 1692 captabat.
602 1615 800 1690 Incredibile,
819 1615 874 1675 sed
894 1616 1058 1690 Regulum
1081 1618 1184 1694 cogita.

183 1722 342 1781 Amissum
359 1728 464 1781 tamen
485 1722 572 1797 luget
592 1721 710 1781 insane.
754 1721 900 1781 Habebat
921 1740 1002 1798 puer
1024 1723 1211 1783 mannulos3

183 1828 297 1886 multos
320 1835 350 1887 et
372 1828 493 1886 iunctos
517 1833 548 1886 et
571 1827 697 1901 solutos,
713 1827 848 1887 habebat
869 1845 961 1886 canes
982 1828 1121 1889 maiores
1139 1828 1187 1887 mi-

136 1945 163 1989 10
183 1952 343 2010 naresque,
369 1935 504 1993 habebat
528 1934 686 2008 lusciniae,
712 1933 872 2011 psittacos,
896 1933 1053 1994 merulas:
1085 1953 1185 1994 omues

183 2039 322 2113 Regulus
350 2039 433 2098 circa
461 2058 568 2114 rogum
594 2039 771 2098 trucidavit.
813 2039 882 2097 Nec
910 2038 1001 2097 dolor
1029 2046 1102 2099 erat
1128 2039 1210 2112 illel

183 2145 237 2204 sed
259 2145 428 2204 ostentatio
450 2145 574 2204 doloris.
618 2144 809 2204 Convenitur
836 2144 877 2203 ad
904 2161 976 2202 eum
1007 2145 1090 2205 mira
1117 2145 1186 2205 cele

182 2250 305 2309 britate.
350 2250 461 2309 Cuncti
487 2250 683 2309 detestantur
711 2250 851 2324 oderunt,
876 2253 907 2307 et
930 2249 1024 2326 quasi
1047 2251 1184 2327 probent,

183 2355 272 2432 quasi
295 2355 437 2431 diligant,
453 2361 580 2414 cursant
600 2355 813 2431 frequentant,
830 2360 923 2432 utque
945 2354 1088 2415 breviter
1108 2356 1185 2433 quod

135 2472 162 2516 15
184 2461 284 2519 sentio
299 2460 467 2534 enuntiem,
490 2461 523 2519 in
544 2461 666 2535 Regulo
687 2461 872 2519 demerendo
891 2459 1052 2536 Regulum
1067 2461 1186 2521 imitan-

183 2571 242 2624 tur.
285 2568 385 2624 Tenet
406 2585 438 2624 se
459 2571 545 2625 trans
567 2565 705 2624 Tiberim
726 2565 760 2623 in
781 2565 890 2640 hortis,
910 2564 945 2622 in
967 2565 1084 2642 quibus
1106 2567 1209 2627 latis5

184 2671 296 2731 simum
326 2671 425 2730 solum
453 2670 625 2748 porticibus
659 2671 818 2745 inmensis,
847 2669 947 2747 ripam
977 2671 1096 2732 statuis
1125 2671 1184 2732 suis

184 2777 356 2853 occupavit,
385 2781 420 2834 ut
449 2782 496 2836 est
524 2776 558 2833 in
587 2795 707 2836 summa
742 2776 876 2835 avaritia
910 2781 1126 2852 sumptuosus,
1155 2777 1185 2834 in

185 2900 305 2942 summa
318 2880 453 2940 infamia
467 2880 628 2955 gloriosus.
672 2882 774 2941 Vexat
795 2900 868 2956 ergo
889 2879 1054 2940 civitatem
1075 2881 1210 2942 ineam-6

135 2997 164 3041 20
185 2987 317 3046 berrimo
344 2992 492 3063 tempore,
515 2992 546 3045 et
568 2987 650 3063 quod
671 2992 765 3045 vexat
786 2985 934 3045 solacium
954 2992 1058 3071 putat.
1103 2986 1185 3046 Dicit

185 3111 217 3152 se
232 3093 312 3151 velle
326 3093 438 3151 ducere
454 3111 597 3150 uxorem:
621 3093 678 3150 hoc
694 3111 824 3168 quoque,
841 3091 922 3151 siout
942 3090 1014 3165 alia,
1031 3109 1184 3168 perverse.

185 3197 303 3257 Audies
330 3197 418 3257 brevi
447 3197 574 3273 nuptias
603 3197 748 3272 lugentis,
771 3196 896 3273 nuptias
922 3196 1023 3270 senis;
1055 3203 1212 3274 quoruml

185 3303 317 3362 alterum
345 3304 547 3361 immaturum
582 3302 715 3361 alterum
750 3321 853 3362 serum
888 3307 943 3361 est.
1001 3303 1099 3362 Unde
1131 3303 1214 3363 hocs

185 3425 317 3483 augurer
332 3408 472 3484 quaeris:
495 3427 558 3466 non
575 3408 649 3484 quia
666 3407 810 3466 adfirmat
831 3407 907 3483 ipse,
923 3424 985 3483 quo
1006 3408 1188 3468 mendacius

136 3522 164 3566 25
184 3511 264 3569 nihil
286 3518 342 3585 est,
365 3514 419 3571 sed
442 3513 516 3589 quia
540 3519 658 3572 certum
680 3520 727 3572 est
747 3512 904 3588 Regulum
932 3530 1000 3572 esse
1028 3511 1189 3573 facturum

185 3615 340 3693 quidquid
354 3616 422 3675 fieri
437 3637 499 3676 non
514 3624 643 3697 oportet.
686 3619 773 3679 Vale.
