2664 4170
470 768 613 833 LIBER
645 768 904 834 SECUNDUS.

615 1009 667 1070 ra
697 1007 750 1089 (Ι.)

422 1166 451 1216 c.
478 1165 623 1216 numius
646 1166 801 1217 nomano
825 1145 891 1217 su'o
917 1168 944 1218 s.

477 1314 565 1364 Dectt
584 1315 616 1376 os
633 1312 775 1377 Verqicios
794 1315 889 1377 Rufus.

224 1461 301 1520 Post
329 1459 449 1536 aliquot
477 1479 574 1519 annos
602 1461 724 1535 insigne
753 1467 845 1537 atque
868 1460 963 1520 etiam
985 1464 1215 1523 memorabile1

185 1566 293 1644 populi
321 1565 454 1623 Romani
484 1565 582 1624 oculis
612 1564 825 1642 spectaculum
852 1565 998 1625 exhibuit
1026 1567 1185 1644 publicum

185 1672 280 1730 funus
302 1670 430 1744 Vergini
453 1670 535 1744 Rufi,
552 1669 682 1729 maximi
704 1676 736 1728 et
756 1670 922 1730 clarissimi
944 1670 1033 1746 civis,
1058 1674 1186 1750 perinde

184 1776 294 1835 felicis.
338 1775 483 1849 Triginta
511 1775 600 1834 annis
630 1775 746 1850 gloriae
771 1794 844 1835 suae
866 1777 1051 1852 supervixit.
1097 1779 1216 1854 Legna

149 1890 163 1932 5
184 1881 302 1957 scripta
321 1881 357 1939 de
377 1899 408 1939 se
429 1880 574 1953 carmina,
590 1879 668 1954 legit
688 1879 837 1939 historias
858 1885 890 1940 et
910 1881 1094 1957 posteritati
1116 1902 1186 1943 suae

184 1986 337 2045 interfuit.
381 1985 570 2043 Perfunctus
593 1991 640 2044 est
661 1985 753 2043 tertio
775 1986 947 2060 consulatu,
969 1991 1006 2045 ut
1031 2006 1185 2047 summum

184 2091 347 2165 fastigium
362 2090 478 2166 privati
494 2089 629 2149 hominis
645 2089 799 2166 impleret,
815 2109 886 2149 oum
901 2091 1054 2168 principis
1073 2092 1187 2152 noluis-

184 2204 238 2255 set.
296 2197 443 2255 Caesares
472 2194 585 2271 quibus
615 2200 776 2271 suspectus
807 2201 900 2271 atque
932 2195 1028 2254 etiam
1064 2196 1216 2258 invisuss

183 2300 353 2359 virtutibus
389 2300 493 2358 fuerat
524 2299 632 2373 evasit,
661 2299 789 2376 reliquit
817 2300 1003 2359 incolumem
1032 2303 1186 2379 optimum

135 2415 163 2459 10
184 2412 277 2482 atque
299 2406 532 2479 amicissimum,
554 2412 711 2482 tamquam
743 2405 783 2464 ad
805 2406 889 2464 hunc
909 2405 1014 2486 ipsum
1037 2407 1186 2467 honorem

183 2511 301 2588 publici
328 2511 449 2571 funeris
478 2516 662 2571 reservatus.
706 2512 832 2570 Annum
860 2511 989 2572 tertium
1014 2518 1048 2571 et
1072 2519 1218 2590 cetego-4

184 2617 297 2675 simum
320 2614 453 2672 excessit
476 2613 508 2671 in
534 2613 689 2672 altissima
709 2612 949 2689 tranquillitate,
970 2613 1041 2689 pari
1063 2633 1186 2674 venera

184 2721 276 2780 tione.
321 2723 406 2781 Usus
429 2725 476 2778 est
495 2719 585 2777 firma
600 2718 788 2792 valetudine,
804 2717 866 2778 nisi
887 2718 970 2794 quod
992 2718 1137 2779 solebant
1158 2720 1185 2779 ei

184 2845 293 2884 manus
322 2831 463 2898 tremere,
489 2825 567 2883 citra
595 2824 732 2882 dolorem
760 2829 872 2881 tamen.
916 2822 1032 2882 Aditus
1061 2830 1185 2884 tantum

136 2944 163 2988 15
184 2930 293 2989 mortis
315 2930 422 2988 durior
438 2929 628 3005 longiorque,
646 2929 700 2987 sed
721 2928 772 2986 hic
794 2928 861 3005 ipse
882 2927 1059 2988 laudabilis.
1102 2930 1217 2989 Nemo

184 3055 254 3094 cum
281 3054 386 3094 vocem
417 3040 615 3113 praepararet
643 3039 767 3092 acturus
796 3033 830 3091 in
858 3032 1021 3092 consulatu
1049 3033 1185 3111 principi

185 3140 310 3218 gratiae,
333 3140 411 3199 liber
433 3159 525 3217 quem
550 3140 630 3198 forte
660 3142 821 3215 acceperat
849 3138 1044 3213 grandiorem
1066 3144 1098 3197 et
1119 3139 1186 3198 seni

185 3252 216 3306 et
232 3245 330 3306 stanti
345 3246 413 3324 ipso
428 3246 564 3322 pondere
583 3245 707 3322 clapsus
730 3249 785 3303 est.
830 3244 924 3302 Hunc
946 3243 1020 3301 dum
1043 3244 1186 3320 sequitur

185 3351 376 3427 colligitque,
398 3371 453 3428 per
481 3351 548 3409 leve
577 3357 609 3409 et
636 3350 790 3409 lubricum
818 3349 1032 3426 pavimentum
1053 3348 1186 3409 fallente

135 3473 165 3518 20
185 3456 317 3531 vestigio
339 3456 452 3515 cecidit
473 3474 642 3531 coxamque
658 3455 762 3529 fregit,
779 3472 857 3531 quae
872 3473 981 3531 parum
1003 3459 1075 3531 apte
1097 3454 1188 3513 collo

186 3568 255 3621 cata
278 3561 451 3621 reluctante
473 3568 575 3620 aetate
596 3560 677 3620 male
699 3560 781 3618 coiit.
825 3559 930 3619 Huius
950 3558 1012 3616 viri
1034 3559 1186 3637 exequiae
1205 3574 1219 3618 6

185 3685 332 3742 magnum
347 3672 563 3726 ornamentum
577 3664 721 3743 principi,
733 3683 879 3740 magnum
895 3663 1026 3739 saeculo,
1038 3683 1187 3742 magnum
