2664 4170
189 281 231 344 40
614 292 644 342 o.
664 293 764 343 rnnu

188 464 284 538 nium,
300 464 482 524 incredibile
497 465 644 540 studium,
661 483 781 525 summa
794 463 968 540 vigilantia.
1015 466 1199 525 Lucubrare

188 570 413 630 Vulcanalibus
442 570 621 646 incipiebat,
643 589 704 630 non
731 569 914 648 auspicandi
935 588 1034 630 causa
1055 572 1114 630 sed
1137 577 1199 631 stu·

190 676 291 750 dendi,
308 676 416 736 statim
430 695 448 734 a
462 681 552 734 nocte
566 675 674 750 multa,
689 675 791 734 hieme
805 695 879 734 vero
893 676 933 734 ab
951 675 1032 736 hora
1050 677 1196 753 septima,

188 782 238 841 vel
250 801 320 840 cum
332 781 519 855 tardissime,
532 787 650 855 octava,
663 800 756 858 saepe
768 786 865 840 sexta.
907 782 986 840 Erat
1001 800 1080 841 sane
1093 783 1196 841 somni

153 897 168 941 5
188 887 389 964 paratissimi,
401 906 464 944 nou
478 905 649 963 numquam
663 887 758 945 etiarn
773 886 856 945 inter
869 887 940 964 ipsa
954 887 1064 946 studia
1077 887 1196 947 instan-

188 993 230 1052 tis
245 999 277 1051 et
292 992 470 1051 deserentis.
514 993 596 1050 Ante
612 992 713 1050 lucem
726 992 793 1051 ibat
804 992 843 1051 ad
855 992 1088 1068 Vespasianum
1100 992 1196 1071 impe·
1212 1008 1226 1053 9

188 1103 323 1156 ratorem
348 1097 433 1175 (nam
461 1096 515 1154 illo
540 1115 662 1174 quoque
687 1097 828 1157 noctibus
857 1097 1029 1177 utebatur),
1056 1097 1133 1156 inde
1156 1098 1195 1157 ad

188 1203 365 1277 delegatum
380 1202 440 1261 sibi
455 1201 596 1261 officium.
639 1203 796 1262 Reversus
812 1203 945 1277 domum,
961 1203 1048 1278 quod
1062 1203 1194 1262 relicum

188 1309 346 1385 temporis,
363 1307 476 1367 studiis
490 1308 649 1367 reddebat.
693 1309 771 1367 Post
788 1308 890 1368 cibum
913 1326 1015 1385 saepe,
1032 1328 1129 1386 quem
1151 1309 1194 1367 in-
1212 1318 1236 1364 10

140 1425 168 1469 10
188 1414 292 1473 terdiu
306 1413 407 1472 levem
426 1419 457 1472 et
478 1412 604 1471 facilem
625 1420 766 1472 veterum
786 1431 870 1472 more
893 1412 1045 1488 sumebat,
1061 1420 1192 1489 aestate,

189 1519 314 1596 siquid
337 1519 402 1592 otii,
426 1518 547 1577 iacebat
571 1518 604 1575 in
627 1518 700 1591 sole,
724 1517 803 1577 liber
827 1519 996 1593 legebatur,
1018 1519 1194 1579 adnotabat

189 1623 442 1701 excerpebatque.
485 1622 577 1680 Nihil
599 1623 681 1681 enim
704 1623 781 1698 legit
802 1623 886 1700 quod
906 1641 969 1682 non
990 1630 1192 1701 excerperet:

189 1730 290 1788 dicere
306 1729 400 1787 etiam
422 1727 541 1786 solebat
561 1727 683 1785 nullum
705 1747 772 1787 esse
793 1728 906 1787 librum
930 1734 995 1787 tam
1015 1728 1138 1789 malum
1159 1735 1194 1789 ut

187 1854 250 1893 non
266 1834 372 1910 aliqua
391 1839 478 1910 parte
500 1833 670 1909 prodesset.
713 1834 790 1893 Post
812 1832 910 1892 solem
930 1833 1117 1911 plerumque
1140 1834 1194 1893 fri·
1213 1847 1236 1892 11

139 1954 167 1997 15
188 1940 261 2015 gida
274 1939 453 1998 lavabatur:
478 1938 588 1996 deinde
598 1937 744 2012 gustabat
758 1938 993 2015 dormiebatque
1006 1938 1192 1999 minimum:

188 2065 259 2104 mox
271 2044 361 2122 quasi
376 2044 437 2102 alio
449 2043 499 2102 die
511 2044 657 2103 studebat
671 2043 704 2101 in
713 2062 806 2102 cenae
817 2049 949 2122 tempus.
994 2044 1098 2121 Super
1111 2046 1193 2104 hanc

187 2151 266 2210 liber
281 2150 451 2224 legebatur,
467 2149 683 2222 adnotabatur,
698 2154 730 2207 et
745 2148 871 2225 quidem
888 2148 1012 2208 cursim.
1056 2151 1193 2208 Memini
1212 2162 1237 2206 11

188 2256 342 2332 quendam
363 2272 402 2312 ex
423 2252 540 2327 amicis,
556 2271 626 2311 cmn
647 2253 743 2311 lector
764 2254 916 2330 quaedam
938 2272 1105 2331 perperam
1124 2275 1194 2332 pro

187 2360 372 2432 nuntiasset,
388 2377 548 2417 revocasse
570 2363 601 2416 et
623 2359 721 2434 repeti
743 2359 889 2434 coegisse,
904 2358 978 2417 huic
999 2360 1193 2419 avunculum

138 2479 167 2523 20
187 2485 290 2524 meum
304 2464 422 2523 dixisse
438 2463 654 2522 ‘intellexeras
669 2482 779 2540 nempe
792 2465 826 2521 ?'
847 2483 917 2522 cum
938 2463 993 2522 ille
1015 2464 1191 2540 adnuisset,

188 2577 259 2630 ‘cur
274 2588 346 2645 ergo
357 2569 547 2627 revocabas?
571 2569 676 2627 decem
688 2568 822 2645 amplius
833 2588 942 2628 versus
956 2568 1015 2627 hac
1029 2575 1087 2628 tua
1097 2569 1192 2629 inter-

187 2676 356 2753 pellatione
371 2674 585 2751 perdidimus!
627 2675 729 2733 Tanta
743 2679 810 2732 erat
824 2674 1016 2751 parsimonia
1026 2676 1189 2753 temporis.
1211 2689 1236 2733 13

188 2782 339 2856 Surgebat
353 2785 472 2839 aestate
487 2798 505 2838 a
519 2798 596 2837 cena
609 2779 687 2854 luce,
703 2779 804 2838 hieme
824 2779 908 2838 intra
926 2779 1059 2856 primam
1076 2781 1189 2857 ucetia,

187 2894 219 2947 et
232 2893 392 2963 tamquam
406 2885 513 2961 aliqua
527 2884 594 2959 lege
614 2890 750 2959 cogente.
793 2885 881 2943 Haec
902 2884 985 2943 inter
1005 2885 1127 2946 medios
1147 2886 1191 2946 la

137 3007 166 3051 25
186 2994 276 3052 bores
291 2992 438 3067 urbisque
453 2989 621 3048 fremitum.
664 2990 704 3047 In
719 3008 842 3049 secessu
857 2989 956 3048 solum
973 2989 1092 3049 balinei
1115 2997 1190 3050 tem-
1210 3000 1236 3044 14

186 3118 245 3176 pus
260 3095 375 3157 studiis
390 3094 600 3154 eximebatur:
623 3113 693 3153 cum
707 3095 778 3153 dico
792 3094 917 3170 balinei,
930 3095 969 3153 de
984 3094 1189 3156 interioribus

185 3205 312 3281 loquor3
334 3221 406 3260 nam
425 3201 498 3259 dum
519 3200 725 3276 destringitur
746 3201 949 3277 tergiturque,
965 3200 1114 3260 audiebat
1135 3202 1190 3261 ali-

186 3309 263 3387 quid
277 3313 331 3367 aut
345 3306 491 3366 dictabat.
534 3307 574 3364 In
590 3306 702 3364 itinere
718 3306 806 3383 quasi
826 3306 946 3365 solutus
968 3306 1080 3366 ceteris
1103 3307 1188 3367 curis
1209 3316 1235 3360 15

185 3415 258 3474 huic
273 3413 328 3471 uui
339 3412 485 3471 vacabat:
508 3410 645 3470 adlatus
661 3411 801 3470 notarius
817 3430 886 3469 cum
902 3411 981 3470 libro
1003 3417 1035 3470 et
1056 3412 1190 3488 pugilla-

136 3534 166 3579 30
185 3519 281 3593 ribus,
304 3517 392 3577 errius
416 3536 526 3576 manus
551 3516 653 3574 hieme
679 3516 810 3575 manicis
835 3516 1064 3590 muniebantur,
1087 3522 1124 3576 ut
1149 3539 1188 3578 ne

185 3624 263 3683 caeli
285 3623 410 3700 quidem
435 3621 587 3699 asperitas
610 3620 709 3679 ullum
738 3621 851 3681 studiis
879 3627 1003 3698 tempus
1031 3622 1187 3700 eriperet3

185 3748 248 3807 qua
274 3747 313 3787 ex
340 3745 434 3787 causa
460 3728 576 3785 Romae
599 3745 721 3804 quoque
744 3726 821 3786 sella
842 3727 1021 3787 vehebatur.
1064 3728 1189 3805 Repeto
1209 3740 1236 3786 16
