2664 4170
474 713 617 779 LIBER
648 714 897 783 SEPTIMUS.

615 935 668 994 ⁷⁵
695 933 761 1013 (v.)

373 1090 403 1142 e.
426 1091 570 1141 nmmos
594 1081 831 1143 cnrrunnm‘n
855 1093 953 1145 suna
976 1095 1004 1148 s.

590 1237 617 1287 A
629 1240 685 1289 love
698 1241 781 1290 letter.

226 1383 414 1442 Incredibile
436 1389 484 1442 est
503 1389 620 1458 quanto
640 1383 796 1443 desiderio
814 1385 861 1443 tui
879 1391 998 1446 tenear.
1045 1390 1086 1448 In
1102 1409 1187 1450 cause
1203 1401 1211 1444 1

186 1507 271 1548 amor
299 1489 443 1566 primum,
472 1488 585 1547 deinde
613 1489 697 1565 quod
728 1509 790 1548 non
817 1492 1042 1554 consuevimus
1078 1497 1186 1556 abesse.

186 1595 263 1652 Inde
279 1600 326 1653 est
346 1594 428 1670 quod
449 1612 594 1668 magnam
616 1594 755 1653 noctium
776 1601 898 1672 partem
919 1596 955 1655 in
976 1598 1119 1676 imagine
1140 1608 1189 1660 tua

186 1699 261 1775 vigil
277 1699 376 1773 exigo,
392 1699 464 1756 inde
480 1699 562 1775 quod
582 1698 721 1758 interdiu
732 1699 845 1776 quibus
859 1700 947 1761 horis
959 1707 992 1762 te
1003 1705 1109 1765 visere
1120 1707 1189 1767 sole-

151 1814 165 1858 5
185 1806 255 1864 bam
271 1806 310 1864 ad
325 1805 461 1863 diaetam
476 1811 563 1863 tuam
573 1804 634 1881 ipsi
649 1823 707 1879 me,
723 1812 759 1863 ut
774 1805 937 1866 verissime
954 1808 1084 1887 dicitur,
1100 1813 1187 1890 pedes

185 1911 312 1984 ducunt,
328 1909 410 1986 quod
425 1909 558 1985 denique
574 1927 665 1985 aeger
680 1915 711 1968 et
726 1917 864 1970 maestus
882 1930 918 1971 ac
932 1913 1051 1975 similis
1068 1918 1188 1976 excluso

185 2034 203 2074 a
230 2032 327 2073 vacuo
354 2013 462 2072 limine
491 2013 609 2072 recede.
666 2015 774 2074 Unum
801 2021 926 2093 tempus
951 2018 1003 2078 his
1026 2022 1207 2081 tormentis'

181 2104 278 2194 caret,
297 2138 358 2195 quo
379 2118 412 2176 in
434 2119 503 2177 foro
525 2119 694 2178 amicorum
718 2119 828 2180 litibus
850 2128 1003 2182 conteror.
1049 2127 1213 2186 Aestimat

184 2231 220 2283 tu
242 2243 321 2300 quae
343 2224 410 2282 vita
430 2243 500 2282 mea
521 2224 572 2298 sit,
594 2225 645 2284 cui
666 2225 788 2302 requies
809 2225 843 2284 in
864 2226 979 2302 labore,
1001 2229 1038 2287 in
1067 2232 1187 2291 miserie

137 2341 166 2385 10
186 2330 329 2406 curisque
344 2329 501 2389 solacium.
544 2331 640 2395 Vale..

602 2528 652 2588 re.
684 2525 769 2606 (rr.)

310 2685 339 2736 C.
365 2683 508 2733 PLINIUS
531 2681 678 2730 FABATO
701 2679 914 2731 PROSOCERO
939 2681 1008 2733 SUO
1028 2685 1060 2736 S.

402 2826 509 2887 Plioy’s
521 2838 651 2887 genereus
664 2824 778 2886 burceio
790 2823 853 2872 with
869 2822 996 2875 Corellia.

224 2967 351 3026 Miraris
366 2968 448 3043 quod
464 2968 606 3039 Hermes,
622 2965 753 3025 libertus
769 2983 865 3039 meus,
875 2963 1084 3028 hereditarios
1099 2988 1183 3045 agros
1199 2985 1209 3027 1

184 3091 260 3148 quos
276 3091 331 3148 ego
346 3072 496 3131 iusseram
518 3070 668 3148 proscribi
687 3089 749 3128 non
766 3075 947 3146 exspectata
966 3071 1113 3133 auctione
1132 3092 1183 3152 pro

183 3196 252 3236 meo
271 3178 443 3254 quincunce
465 3197 503 3235 ex
526 3175 734 3253 septingentis
756 3174 884 3234 milibus
905 3175 1060 3236 Corelliae
1083 3179 1182 3238 addix-

183 3283 251 3341 erit.
294 3283 403 3342 Adicis
418 3283 475 3341 hos
490 3281 657 3356 nongentis
675 3280 803 3338 milibus
818 3297 909 3355 posse
924 3280 1032 3340 venire
1048 3301 1084 3342 ac
1099 3289 1182 3343 tento

137 3404 164 3448 15
183 3388 282 3463 magis
304 3388 427 3464 quaeris
449 3408 488 3446 an
510 3386 593 3464 quod
615 3385 712 3461 gessit
733 3390 835 3443 ratum
858 3402 986 3443 servem.
1030 3387 1100 3462 Ego
1113 3406 1208 3451 veroa

184 3512 290 3552 servo:
313 3492 426 3569 quibus
442 3513 480 3551 ex
495 3492 606 3564 causiS,
622 3490 734 3566 accipe.
779 3488 878 3565 Cupio
897 3489 980 3547 enim
999 3496 1032 3548 et
1046 3492 1107 3552 tibi
1122 3511 1182 3570 pro

183 3597 291 3656 batum
314 3604 345 3657 et
365 3597 569 3657 coheredibus
591 3595 667 3654 meis
686 3600 868 3653 excusatum
888 3596 1060 3671 essequod
1080 3616 1130 3657 me
1147 3597 1181 3656 ab

184 3702 250 3762 illis
261 3703 376 3762 maiore
386 3703 485 3762 officio
498 3703 623 3761 iubente
635 3718 768 3759 secerno.
806 3699 971 3759 Corelliam
982 3718 1054 3761 cum
1066 3721 1182 3763 summa
1195 3717 1207 3763 3
