2664 4170
250 269 290 334 86
675 281 705 334 c.
729 283 829 333 mnu

248 453 335 512 exitu
362 453 429 513 eius
458 455 536 514 scire
557 454 694 516 voluisti.
737 456 849 516 Finem
877 476 951 535 ergo
980 459 1113 520 faciam.
1157 465 1290 524 Unumn

248 559 380 618 adiciam
406 561 511 619 omnia
534 580 584 619 me
605 561 719 638 quibus
741 562 948 622 interfueram
971 584 1121 643 quaeque
1143 568 1252 643 statim,

247 682 318 724 cum
346 665 480 723 maxime
504 685 579 725 vera
605 673 825 742 memorantur,
855 668 1019 728 audieram
1049 679 1250 748 persecutum.

247 772 295 829 Tu
311 771 476 847 potissima
489 790 643 849 excerpes.
686 771 785 832 Aliud
806 780 855 833 est
875 773 959 833 enim
975 776 1152 853 epistulam
1172 778 1251 838 aliud

214 887 228 930 5
248 876 421 951 historiam,
437 876 524 936 aliud
538 878 639 937 amico
653 878 741 938 aliud
754 879 898 940 omnibus
914 880 1063 940 scribere.
1109 883 1195 944 Vale.

656 1091 709 1152 m
738 1088 838 1171 (xx.)

499 1244 529 1293 C.
553 1243 697 1294 PLINIUS
721 1244 855 1295 TACITO
879 1244 947 1295 SUO
970 1245 1000 1296 S.

308 1386 471 1447 Experience
483 1387 516 1448 os
529 1386 612 1447 Pliny
624 1387 680 1436 aad
690 1387 733 1436 bis
745 1388 848 1438 mother
858 1388 959 1450 during
971 1389 1016 1439 tte
1029 1393 1157 1453 eruption
1169 1393 1200 1455 os

683 1478 819 1527 Vesuvius.

288 1617 346 1676 Ais
367 1623 398 1676 te
419 1617 586 1676 adductum
609 1616 726 1677 litteris
748 1637 826 1695 quas
850 1618 987 1694 exigenti
1011 1621 1070 1679 tibi
1097 1623 1137 1682 de
1158 1628 1274 1682 montel

248 1723 394 1782 avuncuii
408 1724 469 1781 mei
485 1722 595 1799 scripsi
616 1741 728 1799 cupere
751 1742 933 1799 cognoscere
956 1743 1035 1801 quos
1056 1745 1116 1803 ego
1140 1728 1249 1789 Miseni

248 1829 375 1888 relictus
393 1828 439 1906 (id
454 1827 537 1887 enim
553 1828 711 1902 ingressus
733 1829 930 1909 abruperam)
946 1848 1010 1888 non
1032 1830 1136 1890 solum
1154 1840 1249 1893 metus

248 1954 353 1993 verum
373 1933 467 1993 etiam
481 1952 570 1992 casus
593 1933 784 2010 pertulerim.
813 1935 1021 2011 ‘Quamquam
1045 1938 1175 1998 animus
1196 1957 1249 1997 me·

201 2054 229 2098 10
248 2041 375 2100 minisse
403 2039 518 2113 horret,
542 2038 714 2115 incipiam)
742 2038 889 2098 Profecto
912 2041 1068 2101 avunculo
1092 2042 1164 2120 ipse
1188 2044 1275 2103 reli-2

248 2166 343 2223 quum
366 2152 489 2222 tempus
511 2143 625 2203 studiis
649 2144 733 2221 (ideo
753 2144 836 2202 enim
860 2149 1085 2229 remanseram)
1102 2148 1247 2226 inpendi:

247 2272 319 2310 mox
333 2251 501 2325 balineum,
516 2268 600 2322 cena,
617 2268 743 2309 somnus
766 2250 926 2326 inquietus
948 2255 980 2309 et
1001 2251 1118 2313 brevis.
1164 2256 1249 2314 Prae·
1264 2269 1276 2313 3

247 2362 382 2417 cesserat
410 2374 465 2433 per
492 2355 607 2413 multos
635 2355 702 2414 dies
731 2359 846 2413 tremor
873 2360 975 2414 terrae
1011 2357 1119 2418 minus
1149 2359 1249 2418 formi-

247 2463 372 2521 dolosus
401 2461 475 2537 quia
503 2460 691 2536 Campaniae
720 2459 838 2519 solitus.
896 2459 958 2519 Illa
979 2479 1053 2520 vero
1085 2469 1179 2523 nocte
1207 2464 1248 2523 ita

199 2578 226 2622 15
246 2567 381 2626 invaluit
398 2572 434 2625 ut
455 2585 517 2624 non
531 2565 649 2623 moveri
664 2565 767 2624 omnia
782 2566 836 2624 sed
851 2565 931 2624 verti
945 2566 1157 2627 crederentur.
1202 2570 1247 2627 In·
1263 2582 1275 2625 4

246 2673 365 2750 rumpit
388 2670 563 2730 cubiculum
588 2689 691 2728 meum
713 2677 826 2729 mater:
857 2671 1029 2746 surgebam,
1053 2671 1201 2749 invicem,
1223 2674 1247 2734 si

246 2779 428 2856 quiesceret,
444 2776 644 2835 excitaturus.
688 2775 868 2835 Residimus
890 2775 925 2834 in
946 2794 1018 2835 area
1032 2777 1155 2854 domus,
1172 2797 1247 2858 quae

246 2903 330 2943 mare
345 2902 364 2942 a
378 2882 470 2942 tectis
485 2881 606 2940 modico
630 2881 731 2957 spatio
754 2880 922 2940 dividebat.
964 2881 1084 2941 Dubito
1107 2894 1275 2945 constan-5

245 2991 322 3050 tiam
338 3006 447 3047 vocare
462 3007 501 3046 an
515 2986 748 3063 inprudentiam
764 2987 909 3060 debeam3
933 2987 1061 3062 agebam
1076 2989 1163 3047 enim
1178 2991 1248 3049 duo

197 3107 226 3152 20
245 3094 468 3155 devicesimam
493 3112 624 3152 annum:
655 3111 747 3169 posco
775 3092 890 3150 librum
915 3092 980 3152 Titi
1002 3092 1074 3151 Livi
1101 3100 1133 3152 et
1159 3095 1247 3172 quasi

245 3221 299 3279 per
314 3201 413 3261 otium
428 3199 497 3274 lego
512 3204 605 3275 atque
621 3197 725 3270 etiam,
737 3204 773 3256 ut
787 3216 956 3275 coeperam,
970 3216 1111 3276 excerpo.
1155 3201 1245 3274 Ecce,

244 3309 361 3368 amicus
381 3301 538 3379 avunculi,
554 3304 607 3380 qui
622 3323 721 3381 nuper
736 3304 776 3362 ad
794 3323 863 3362 eum
878 3324 917 3362 ex
931 3303 1089 3380 Hispania
1108 3312 1247 3380 venerat,

243 3420 280 3473 ut
294 3432 343 3472 me
358 3418 390 3472 et
404 3415 535 3470 matrem
550 3410 703 3483 sedentes,
719 3428 767 3467 me
782 3428 855 3467 vero
871 3408 963 3467 etiam
980 3409 1138 3483 legentem
1149 3411 1247 3486 videt,

243 3519 330 3580 illius
344 3516 540 3595 patientiam,
557 3514 755 3575 securitatem
773 3534 873 3573 meam
891 3513 1036 3591 corripit:
1058 3514 1162 3574 nihilo
1185 3536 1250 3593 seg·

194 3637 222 3681 25
242 3624 313 3685 nius
337 3643 393 3698 ego
415 3623 556 3682 intentus
579 3620 613 3679 in
634 3620 757 3679 librum.
801 3621 868 3679 Iam
895 3620 971 3678 hora
993 3618 1056 3678 diei
1079 3621 1194 3697 prima,
1219 3628 1279 3683 etc

243 3730 345 3789 adhuc
372 3727 487 3787 dubius
508 3732 540 3787 et
562 3726 652 3805 quasi
674 3725 841 3800 languidus
867 3725 941 3786 dies.
994 3725 1063 3784 Iam
1087 3729 1250 3802 quassatis
