2664 4170
402 251 664 302 nrrsrunanun
687 253 764 302 viu.
785 253 827 302 ao.
1050 240 1114 304 109

111 424 209 499 nulla,
222 425 327 484 omnia
340 424 489 498 dimensa,
500 424 588 501 paria
602 430 633 483 et
647 424 737 500 quasi
752 423 880 483 artificis
896 443 990 483 manu
1005 430 1115 484 cavata

112 535 144 589 et
159 530 271 589 excisa.
315 530 407 590 Color
421 530 543 589 caerulo
559 529 702 604 albidior,
714 530 844 588 viridior
856 535 887 588 et
898 530 1042 607 pressior,
1055 530 1114 589 sul-

112 635 200 713 puris
216 635 291 694 0dor
306 653 457 712 saporque
472 635 655 709 medicatus,
667 635 725 707 vis,
738 654 800 711 qua
813 635 915 694 fracta
929 635 1112 694 solidantur.

114 741 257 817 Spatium
272 740 435 813 modicum,
451 740 533 816 quod
548 745 652 798 tamen
668 740 783 799 sentiat
799 746 907 798 ventos
922 745 954 798 et
967 739 1114 800 fluctibus

76 858 91 902 5
112 845 309 905 intumescat.
352 844 451 903 Nulla
472 845 506 902 in
526 845 585 903 hoc
605 844 694 903 navis
714 843 813 922 (sacer
832 845 939 925 enim),
955 845 1011 904 sed
1029 844 1149 904 iuna-5

112 956 184 1009 tant
198 949 327 1024 insulae,
339 950 487 1008 herbidae
505 968 611 1008 omnes
626 949 800 1008 harundine
816 956 847 1007 et
860 949 961 1024 iunco,
974 967 1114 1027 quaeque

113 1055 177 1115 alia
191 1054 354 1114 fecundior
372 1054 462 1131 palus
480 1054 609 1131 ipsaque
628 1054 684 1113 illa
707 1054 889 1113 extremitas
911 1055 996 1113 lacus
1014 1054 1112 1115 effert.

115 1161 178 1220 Sua
192 1161 302 1237 cuique
317 1159 417 1235 figura
431 1165 467 1218 ut
481 1160 608 1219 modus:
631 1160 752 1219 cunctis
768 1177 874 1234 margo
888 1160 1025 1235 derasuS,
1041 1160 1116 1236 quia

114 1266 295 1343 frequenter
312 1265 362 1323 vel
384 1264 470 1324 litori
488 1265 538 1323 vel
560 1264 619 1324 sibi
641 1264 753 1324 inlisae
774 1270 881 1323 terunt
901 1270 1113 1342 terunturque.

114 1372 177 1430 Par
201 1371 345 1430 omnibus
370 1369 515 1443 altitudo,
540 1388 597 1447 par
619 1368 749 1444 levitas,
779 1370 895 1447 quippe
923 1369 956 1427 in
981 1371 1165 1447 speciem10

79 1486 95 1531 6
115 1476 237 1536 carinae
252 1475 365 1534 humili
380 1475 483 1534 radice
498 1474 699 1534 descendunt.
743 1475 831 1533 Haec
853 1475 891 1534 ab
913 1475 997 1533 omni
1018 1474 1115 1534 latere

115 1581 302 1658 perspicitur
319 1581 487 1657 eademque
508 1599 657 1657 suspensa
676 1579 793 1656 pariter
814 1584 845 1638 et
866 1598 974 1638 mersa.
1017 1580 1117 1638 Inter-

115 1687 189 1745 dum
210 1686 334 1746 iunctae
356 1685 580 1762 copulataeque
600 1690 631 1743 et
648 1685 821 1743 continenti
841 1684 960 1744 similes
975 1690 1057 1760 sunt,
1072 1685 1117 1744 in-

115 1792 237 1850 terdum
261 1790 512 1850 discordantibus
528 1789 630 1849 ventis
652 1790 845 1864 digeruntur,
865 1808 928 1848 non
945 1808 1116 1867 numquam

80 1904 95 1949 ⁷
116 1896 285 1955 destitutae
300 1895 531 1972 tranquillitate
543 1894 683 1969 singulae
692 1893 827 1953 fluitant.
871 1894 969 1971 Saepe
980 1895 1115 1954 minores
1137 1911 1165 1956 15

116 2001 284 2061 maioribus
304 2001 391 2059 velut
412 2000 574 2059 cumbulae
596 1999 746 2058 onerariis
767 1999 1002 2073 adhaerescunt,
1025 2017 1116 2076 saepe

108 2103 198 2165 'inter
218 2124 250 2165 se
270 2105 401 2175 maiores
422 2105 620 2182 minoresque
642 2104 731 2181 quasi
753 2123 876 2163 cursum
898 2109 1116 2180 certamenque

116 2212 301 2286 desumunt3
324 2230 430 2269 rursus
445 2228 551 2269 omnes
566 2209 600 2267 in
615 2210 747 2268 ermdem
761 2209 863 2268 locum
881 2209 1039 2286 adpulsae,
1055 2228 1118 2286 qua

117 2321 272 2377 steterunt
286 2320 470 2393 promovent
483 2321 608 2389 terram,
620 2320 651 2373 et
665 2314 757 2373 modo
768 2313 825 2373 hac
839 2315 930 2374 modo
944 2314 1002 2374 illa
1015 2314 1118 2373 lacum

116 2421 250 2480 reddunt
271 2421 496 2497 auferuntque;
525 2438 560 2478 ac
581 2425 648 2478 turn
670 2419 802 2494 demum,
826 2437 897 2477 cum
917 2420 1054 2478 medium
1075 2426 1117 2479 te·
1137 2439 1166 2483 20

81 2540 96 2585 8
115 2545 219 2601 nuere,
234 2545 297 2585 non
312 2525 508 2585 contrahunt.
552 2526 683 2585 Constat
697 2543 808 2602 pecora
824 2524 937 2584 herbas
952 2530 1058 2584 secuta
1072 2525 1116 2584 sic

116 2631 150 2690 in
171 2631 289 2692 insulas
312 2631 383 2690 illas
404 2631 495 2689 utin
516 2636 687 2689 extremam
709 2629 811 2706 ripam
831 2630 996 2706 procedere
1019 2629 1116 2689 solere

115 2755 173 2796 nec
194 2737 281 2814 prius
304 2736 485 2811 intellegere
506 2735 620 2796 mobile
643 2735 752 2809 solum,
771 2754 862 2812 quarn
883 2735 969 2794 litori
987 2736 1117 2812 abrepta

116 2842 206 2920 quasi
227 2842 328 2902 inlata
346 2847 378 2901 et
396 2841 534 2919 inposita
555 2841 778 2900 circumfusum
795 2841 933 2917 undique
950 2839 1052 2899 lacurn
1067 2859 1118 2918 pa-

116 2953 226 3022 veant,
255 2967 327 3006 mox
356 2967 417 3024 quo
441 2945 551 3006 tulerit
574 2951 687 3006 ventus
712 2964 844 3021 egressa,
869 2965 932 3005 non
959 2945 1058 3020 magis
1084 2964 1116 3005 se
1137 2965 1166 3010 25

80 3053 312 3114 adescendisse
341 3053 466 3127 sentire,
491 3071 585 3129 quam
614 3053 769 3112 senserint
797 3051 980 3111 ascendisse.
1027 3051 1117 3110 Idem

116 3159 201 3219 lacus
222 3159 256 3216 in
277 3158 393 3217 flumen
417 3158 561 3234 egeritur,
584 3158 676 3234 quod,
698 3158 752 3217 ubi
778 3176 809 3217 se
837 3156 998 3234 paulisper
1019 3155 1116 3216 oculis

115 3264 212 3339 dedit,
229 3282 323 3341 specu
344 3263 496 3338 mergitur
515 3263 639 3340 alteque
656 3262 816 3321 conditum
831 3267 923 3335 meat,
939 3279 974 3319 ac
989 3260 1016 3320 si
1031 3260 1115 3338 quid,

66 3382 96 3427 10
115 3374 283 3447 antequam
301 3369 532 3443 subduceretur,
549 3368 677 3445 accepit,
693 3372 798 3427 servat
812 3372 844 3426 et
858 3366 986 3444 profert.
1029 3366 1117 3425 Haec

115 3475 175 3535 tibi
197 3474 317 3552 scripsi,
333 3474 408 3550 quia
426 3492 482 3532 nec
501 3473 605 3533 minus
620 3473 728 3548 ignota
742 3490 835 3549 quam
849 3472 928 3530 mihi
942 3490 998 3531 nec
1013 3471 1116 3531 minus
1137 3487 1167 3533 30

44 3644 47 3663 Ι
115 3586 205 3657 grata
225 3579 395 3638 credebam.
437 3581 520 3638 Nam
540 3584 572 3637 te
593 3597 724 3655 quoque,
740 3583 776 3636 ut
792 3595 850 3652 me,
866 3577 946 3635 nihil
964 3595 1061 3655 aeque
1082 3595 1117 3638 ac

114 3690 245 3746 naturae
260 3703 353 3765 opera
367 3683 531 3745 delectant.
574 3683 661 3743 Vale.
