2664 4170
475 263 735 314 nmsrunlnuu
760 265 808 314 1x.
829 264 871 316 33.
1111 253 1174 319 117

171 435 297 513 quidam
319 435 483 495 audentior
504 436 615 495 ceteris
631 436 664 494 in
678 435 828 497 ulteriora
847 437 1004 497 tendebat.
1047 437 1176 514 Delphi-

170 561 229 601 nus
258 541 401 615 occurrit,
425 545 456 599 et
480 559 562 599 nunc
589 543 772 618 praecedere
801 561 940 619 puerum,
965 561 1048 602 nunc
1075 544 1173 621 sequi,

169 665 253 706 nunc
274 645 446 720 circumire,
468 651 626 722 postremo
651 647 763 722 subire,
785 648 948 724 deponere,
971 647 1083 707 iterum
1107 649 1175 708 sub

170 752 225 827 ire,
254 752 526 828 trepidantemque
561 752 700 828 perferre
734 753 869 829 primum
900 753 934 811 in
964 753 1072 829 altum,
1101 773 1174 812 mox

135 857 270 916 eflectit
290 857 330 915 ad
352 857 429 916 litus
451 857 617 934 redditque
644 862 746 916 terrae
775 863 806 917 et
835 837 1025 935 aequalibus.
1069 859 1209 936 Serpito

170 981 227 1039 per
254 960 408 1021 coloniam
432 963 533 1021 fama:
564 980 745 1022 concurrere
773 982 889 1038 omnes,
911 963 1014 1040 ipsum
1043 983 1174 1040 puerum

171 1073 330 1144 tamquam
360 1067 544 1126 miraculum
573 1067 719 1144 aspicere,
746 1068 946 1144 interrogare,
969 1069 1085 1144 audire,
1107 1088 1175 1129 nar-

171 1191 248 1233 rare.
291 1173 421 1232 Postero
450 1173 501 1231 die
529 1173 674 1232 obsident
702 1173 787 1248 litus,
811 1179 1011 1250 prospectant
1033 1193 1118 1233 mare
1143 1181 1174 1235 et

172 1278 199 1338 si
222 1278 298 1355 quid
324 1283 373 1337 est
397 1277 476 1336 mari
498 1277 608 1337 simile.
651 1278 772 1337 Natant
793 1279 899 1356 pueri:
928 1279 1011 1338 inter
1031 1280 1088 1340 hos
1110 1281 1173 1356 ille,

172 1384 227 1443 sed
255 1383 385 1442 cautius.
428 1383 605 1459 Delphinus
634 1402 742 1442 rursus
770 1384 810 1443 ad
837 1390 971 1461 tempus,
999 1405 1106 1445 rursus
1135 1387 1175 1445 ad
1195 1399 1224 1444 10

171 1507 303 1565 puerum
333 1487 429 1546 venit.
486 1488 581 1563 Fugit
615 1487 670 1547 ille
705 1506 775 1547 cum
810 1490 930 1548 ceteris.
986 1490 1173 1567 Delphinus,

172 1593 263 1670 quasi
279 1593 394 1652 invitet
416 1598 448 1652 et
468 1598 601 1668 revocet,
612 1593 728 1668 exsilit,
744 1593 896 1669 mergitur
910 1595 1074 1673 variosque
1086 1596 1174 1656 orbes

136 1698 330 1775 6inplicitat
357 1697 555 1775 expeditque.
599 1698 669 1757 Hoc
698 1698 797 1758 altero
826 1699 884 1774 die,
908 1699 966 1759 hoc
990 1703 1093 1776 terti0,
1117 1701 1175 1760 hoc

171 1803 324 1881 pluribus,
339 1803 437 1862 donec
452 1803 594 1863 homines
612 1804 782 1864 innutritos
803 1805 882 1864 mari
904 1805 1022 1865 subiret
1042 1807 1174 1866 timendi

172 1910 280 1986 pudor.
333 1908 497 1968 Accedunt
532 1914 563 1968 et
598 1909 753 1969 adludunt
782 1915 813 1968 et
841 1910 1012 1987 appellant,
1041 1917 1224 1986 tanguntur

172 2015 268 2075 etiam
282 2019 536 2092 pertrectantque
554 2015 763 2091 praebentem.
808 2015 928 2075 Crescit
943 2017 1074 2076 audacia
1087 2036 1177 2094 expe·

172 2120 315 2180 rimento.
357 2120 495 2179 Maxime
517 2138 594 2197 puer
615 2120 670 2197 qui
691 2121 810 2197 primus
832 2127 979 2198 expertus
1008 2128 1056 2182 est
1084 2123 1177 2183 adua

173 2225 271 2285 tantis
292 2225 395 2286 insilit
416 2231 511 2301 tergo,
527 2226 629 2284 fertur
650 2226 855 2302 referturque,
872 2227 997 2302 agnosci
1018 2246 1060 2302 se,
1078 2228 1176 2287 amari

173 2335 273 2408 putat,
295 2336 380 2390 amat
404 2330 488 2408 ipse:
517 2336 628 2390 neuter
651 2331 751 2406 timet,
773 2337 883 2390 neuter
908 2333 1053 2392 timetur:
1082 2333 1175 2392 huius

139 2447 153 2492 7
174 2435 297 2510 fiducia,
318 2436 525 2495 mansuetudo
547 2436 634 2495 illius
656 2442 794 2513 augetur.
837 2437 904 2497 Nec
926 2456 988 2496 non
1009 2438 1065 2498 alii
1087 2438 1176 2516 pueri
1196 2449 1226 2495 20

174 2541 285 2601 dextra
295 2541 444 2618 laevaque
461 2541 554 2600 simul
568 2547 644 2609 eunt
658 2541 820 2602 hortantes
831 2548 1061 2621 monentesque.
1105 2545 1177 2604 Ibat

173 2665 237 2705 una
252 2645 298 2724 (id
312 2665 434 2723 quoque
449 2646 576 2727 mirum)
593 2646 762 2724 delphinus
777 2646 867 2721 alius,
883 2653 1006 2707 tantum
1022 2654 1177 2726 spectator

174 2756 207 2810 et
228 2769 337 2810 comes.
378 2750 471 2810 Nihil
486 2751 569 2810 enim
584 2750 686 2811 simile
701 2757 757 2811 aut
770 2752 907 2812 faciebat
922 2759 976 2813 aut
990 2749 1176 2831 patiebatur,

139 2871 154 2916 8
175 2857 229 2916 sed
245 2856 376 2916 alterum
392 2855 483 2916 illum
497 2857 629 2916 ducebat
640 2857 879 2935 reducebatque,
891 2864 927 2918 ut
937 2878 1067 2936 puerum
1082 2860 1177 2918 ceteri

174 2962 272 3039 pueri.
314 2961 512 3037 Incredibile,
532 2967 598 3021 tam
616 2981 725 3021 verum
746 2968 851 3022 tamen
872 2983 966 3041 quam
988 2965 1099 3041 priora,
1116 2965 1178 3024 del·
1197 2975 1226 3020 25

175 3066 306 3144 phinum
329 3071 516 3143 gestatorem
538 3067 794 3145 conlusoremque
819 3087 986 3145 puerorum
1007 3070 1040 3127 in
1061 3076 1175 3129 terram

175 3190 298 3249 quoque
325 3172 449 3232 extrahi
477 3172 604 3232 solitum
626 3173 813 3250 harenisque
842 3175 1000 3248 siccatum,
1023 3175 1076 3234 ubi
1098 3175 1179 3234 inca

140 3277 295 3352 eluisset,
323 3278 356 3336 in
384 3297 469 3338 mare
497 3278 624 3337 revolvi.
681 3279 812 3339 Constat
843 3278 1009 3339 Octavium
1036 3279 1175 3354 Avitum,

175 3382 313 3457 legatum
340 3400 397 3459 pro
424 3383 560 3458 consule,
586 3383 620 3442 in
645 3383 721 3442 litus
749 3384 862 3442 educto
896 3384 1046 3460 religione
1081 3404 1178 3462 prava

160 3511 161 3515 ¹
177 3487 392 3565 superfudisse
410 3495 612 3564 unguentum,
628 3489 718 3548 cuius
738 3489 829 3547 illum
850 3490 1022 3549 novitatem
1044 3492 1179 3550 odorem·
1197 3503 1227 3548 30

177 3611 237 3670 que
256 3593 290 3651 in
309 3593 409 3652 altum
428 3594 582 3670 refugisse
601 3613 658 3653 nec
677 3594 740 3654 nisi
759 3603 831 3671 post
852 3595 967 3656 multos
989 3596 1055 3656 dies
1075 3596 1177 3657 visum

177 3698 360 3774 languidum
388 3703 420 3759 et
446 3705 610 3775 maestum,
635 3719 708 3759 mox
736 3700 867 3760 redditis
896 3699 1016 3761 viribus
1044 3702 1177 3779 priorem
