2664 4170
183 238 225 300 48
612 247 644 298 o.
662 247 762 298 111111

184 422 301 479 ferrum
323 420 485 495 stringere,
503 420 666 497 perfodere
687 425 805 497 pectus,
824 420 990 481 extrahere
1013 423 1191 500 pugionem,

183 526 340 603 porrigere
369 525 489 600 marito,
515 525 629 584 addere
654 544 760 584 vocem
788 525 1000 588 immortalem
1028 546 1064 587 ac
1095 548 1191 606 paene

185 631 322 689 divinam
348 632 470 704 ‘Paete
496 650 557 689 non
582 630 687 689 dolet!
743 630 805 690 Sed
828 637 934 690 tamen
959 632 1025 692 ista
1048 634 1189 708 facienti,

184 737 246 795 ista
267 735 384 793 dicenti
406 735 505 809 gloria
526 741 558 794 et
579 735 747 795 aeternitas
769 741 841 795 ante
862 735 967 796 oculos
989 743 1101 814 erant3
1131 758 1190 816 quo

149 856 163 899 5
184 841 283 899 maius
303 847 351 900 est
369 841 435 898 sine
454 841 590 916 praemio
607 840 813 915 aeternitatis,
829 841 896 901 sine
912 843 1055 919 praemio
1072 843 1189 920 gloriae

185 946 297 1005 abdere
317 946 471 1019 lacrimas,
487 946 607 1022 operire
626 946 754 1019 luctum,
773 946 950 1022 amissoque
969 946 1039 1007 filio
1057 954 1189 1008 matrem

185 1052 285 1110 adhuc
300 1070 399 1125 agere.
444 1051 665 1110 Scribonianus
680 1051 815 1110 armam
828 1050 958 1135 Illyrico
973 1058 1085 1112 contra
1103 1054 1189 1114 Clau·
1205 1069 1217 1113 1

185 1158 271 1215 dium
291 1163 444 1215 moverat:
468 1156 572 1215 fuerat
589 1156 757 1218 Paetusin
776 1156 917 1233 partibus
937 1162 969 1216 et
988 1158 1093 1218 occiso
1114 1160 1189 1219 Scri-

185 1262 317 1322 boniano
346 1263 476 1320 Romam
505 1261 694 1320 trahebatur.
751 1262 829 1320 Erat
856 1280 1042 1322 ascensurus
1068 1279 1217 1323 navema

137 1382 165 1426 10
185 1369 279 1426 Arria
305 1367 421 1426 milites
453 1367 560 1425 orabat
594 1373 630 1425 ut
658 1366 751 1425 simul
779 1367 990 1443 inponeretur.
1050 1370 1195 1447 ‘Nempe

185 1474 283 1532 enirn⁷
309 1474 413 1549 inquit
438 1471 560 1531 ‘daturi
589 1472 664 1531 estis
689 1471 845 1532 consulari
869 1471 936 1530 viro
965 1473 1109 1533 servulos
1137 1475 1188 1534 ali-

185 1599 272 1656 quos,
289 1598 419 1655 quorum
434 1597 450 1636 e
465 1597 559 1637 manu
577 1578 679 1636 cibum
700 1577 812 1654 capiat,
829 1596 847 1636 a
861 1578 975 1655 quibus
990 1580 1156 1655 vestiatur,
1171 1599 1188 1639 a

186 1685 298 1762 quibus
320 1684 484 1743 calcietur:
511 1682 615 1741 onmia
637 1682 703 1741 sola
724 1683 907 1759 praestabo!
948 1683 981 1741 N
983 1702 1023 1741 on
1046 1684 1216 1762 impetra-9

186 1790 247 1848 vit:
270 1789 420 1848 conduxit
435 1788 634 1865 piscatoriam
652 1787 817 1846 nauculam
835 1788 1006 1865 ingensque
1026 1791 1187 1865 navigium

138 1909 165 1954 15
186 1896 314 1953 minimo
329 1900 436 1954 secuta
449 1900 504 1952 est.
548 1894 666 1952 Eadem
681 1893 764 1969 apud
779 1893 945 1952 Claudium
959 1895 1051 1952 uxori
1073 1895 1188 1955 Scribo

187 2001 282 2075 niani,
307 2019 377 2059 cum
401 1999 458 2058 illa
482 1998 680 2076 profiteretur
705 1998 865 2071 indicium,
892 1999 979 2073 ‘ego'
1006 1998 1113 2076 inquit
1142 2005 1188 2059 ‘te

187 2106 321 2179 audiam,
350 2105 438 2164 cuius
466 2104 499 2162 in
527 2103 643 2178 gremio
671 2103 891 2162 Scribonianus
924 2103 1044 2163 occisus
1073 2112 1130 2181 est,
1159 2112 1189 2164 et

187 2211 268 2270 vivis
279 2211 312 2269 ?'
354 2211 403 2268 Ex
423 2229 484 2286 quo
503 2208 706 2285 manifestum
724 2213 772 2267 est
790 2207 819 2266 ei
836 2208 1002 2268 consilium
1019 2210 1189 2286 pulcherri-

186 2337 254 2377 mae
270 2317 377 2377 mortis
398 2336 459 2375 non
480 2314 619 2391 subitum
635 2313 742 2372 fuisse.
786 2313 989 2388 Quinetiam,
1023 2334 1077 2373 um
1096 2315 1190 2376 Thra
1207 2326 1230 2371 lo

137 2435 166 2479 20
187 2442 247 2497 sea,
268 2441 362 2499 gener
383 2423 459 2495 eius,
479 2422 698 2496 deprecaretur
720 2419 858 2477 nemori
919 2436 1007 2494 rgere
1043 2419 1189 2499 interque

187 2529 250 2588 alia
271 2528 403 2587 dixisset
424 2526 488 2586 ‘vis
510 2544 582 2601 ergo
602 2524 701 2583 filiam
720 2530 816 2597 tuam,
840 2523 867 2583 si
891 2523 970 2582 mihi
993 2527 1190 2601 pereundum

187 2635 292 2708 fuerit,
318 2633 395 2691 mori
420 2630 585 2690 mecumf'
613 2629 774 2706 respondit
800 2628 844 2688 ‘si
868 2633 933 2687 tam
957 2628 1013 2688 diu
1036 2635 1190 2710 tantaque

187 2739 349 2799 concordia
376 2737 491 2796 vixerit
519 2741 621 2794 tecum
654 2754 747 2811 quam
774 2753 831 2809 ego
858 2752 929 2793 cum
961 2735 1069 2810 Paeto,
1099 2737 1189 2797 volo!

187 2845 328 2903 Auxerat
344 2844 402 2902 hoc
420 2860 568 2919 responso
585 2859 690 2900 curam
710 2858 844 2913 snorum,
865 2839 1016 2899 attentius
1036 2841 1191 2901 custodie·
1211 2855 1234 2900 11

138 2962 166 3006 25
186 2950 295 3009 batur:
330 2949 427 3008 sensit
451 2954 483 3006 et
516 2946 611 3005 ‘nihil
637 2945 748 3020 agitis'
773 2944 893 3022 inquit:
928 2945 1078 3021 ‘potestis
1105 2947 1190 3006 enim

187 3055 305 3114 efficere
333 3060 369 3113 ut
397 3053 477 3112 male
505 3051 628 3125 moriar,
656 3056 692 3109 ut
716 3069 778 3108 non
803 3049 917 3108 moriar
944 3067 1006 3107 11011
1034 3052 1190 3127 potestis!

187 3162 270 3218 Dum
298 3160 373 3218 haec
401 3158 487 3232 dicit,
516 3156 645 3215 exsiluit
674 3155 821 3213 cathedra
853 3154 1045 3230 adversoque
1073 3156 1192 3232 parieti
1212 3171 1238 3216 12

187 3271 280 3342 caput
295 3265 403 3340 ingerit
405 3264 415 3320 i
430 3263 549 3339 impetu
557 3261 716 3375 impeg
649 3260 695 3357 git
713 3265 744 3317 et
763 3258 886 3317 corruit.
930 3258 1072 3319 Focilata
1087 3260 1191 3320 ‘dixe-

187 3389 253 3429 ram
262 3369 393 3445 'inquit
419 3367 523 3426 ‘vobis
544 3327 742 3424 inventuram
762 3382 809 3421 me
830 3362 1001 3440 quamlibet
1018 3363 1131 3423 duram
1150 3366 1192 3426 ad

139 3489 168 3534 30
188 3480 318 3533 mortem
346 3473 437 3547 viam,
464 3472 490 3531 si
514 3490 569 3530 101
594 3470 720 3528 facilem
749 3468 940 3543 negassetis'
990 3468 1191 3530 Videnturne
1213 3486 1240 3531 13

187 3581 263 3639 haec
287 3579 345 3637 tibi
370 3579 488 3637 maiora
513 3577 567 3634 illo
591 3576 687 3635 ‘Paet
674 3580 714 3649 11,
739 3594 801 3633 non
827 3574 929 3648 dolet,'
959 3573 999 3633 ad
1024 3574 1108 3650 quod

188 3685 264 3746 haec
285 3688 468 3764 perventum
490 3684 565 3743 est?
589 3699 659 3741 cum
680 3681 807 3741 interim
827 3680 907 3738 illud
928 3659 1095 3760 quidem
1076 3688 1175 3764 ingen
1202 3624 1272 3702 '‘l'‘
