2664 4170
405 266 667 318 nrrsrunaauu
691 266 740 315 111.
760 267 801 316 21.
1060 255 1102 319 53

100 443 360 515 decucurrerunt3
383 439 466 517 quod
482 439 609 498 interim
629 438 723 515 plane
745 439 916 498 remedium
933 439 1012 498 fuit:
1035 446 1103 499 erat

64 563 79 608 8
100 547 184 606 enim
203 565 318 605 novum
333 551 364 604 et
379 545 525 604 subitum.
570 544 631 603 Sed
646 562 753 602 vereor
768 562 807 602 ne
821 544 1008 620 procedente
1028 550 1104 604 tem-

99 671 174 730 pore
195 671 234 711 ex
255 651 323 728 ipso
345 650 482 709 remedio
498 649 576 708 vitia
597 655 772 708 nascantur.
815 650 873 707 Est
888 649 970 707 enim
985 650 1104 726 pericu-

99 758 166 816 lum
180 776 219 816 ne
233 756 339 816 tacitis
355 755 513 830 suffragiis
527 753 714 833 inpudentia
735 754 866 830 inrepat.
909 754 992 812 Nam
1007 762 1102 831 quoto

63 879 79 924 9
99 863 211 940 cuique
223 863 330 921 eadem
343 860 516 920 honestatis
528 878 603 919 cura
614 866 732 920 secreto
743 878 822 936 quae
833 860 965 936 palam?
1005 861 1103 920 Multi
1122 873 1136 918 o

99 971 226 1044 famam,
241 967 463 1027 conscientiam
480 966 570 1044 pauci
586 973 739 1025 verentur.
784 966 845 1025 Sed
863 966 957 1026 nimis
979 966 1041 1026 cito
1063 967 1102 1025 de

99 1075 232 1134 futuris:
258 1073 385 1133 interim
408 1073 558 1132 beneficio
579 1071 763 1131 tabellarum
787 1070 969 1133 habebimus
992 1075 1102 1151 magis-

98 1187 202 1241 tratus
224 1181 278 1258 qui
303 1180 438 1240 maxime
459 1180 528 1240 fieri
552 1180 735 1240 debuerunt.
777 1181 861 1239 Nam
879 1180 967 1240 utin
988 1181 1102 1258 recipe-

98 1285 225 1346 ratoriis
250 1285 375 1345 iudiciis
404 1285 448 1345 sic
475 1304 532 1345 nos
560 1285 594 1343 in
620 1285 671 1344 his
699 1285 834 1345 comitiis
859 1285 949 1363 quasi
973 1292 1101 1362 repente

49 1401 79 1446 10
99 1391 287 1470 adprehensi
316 1391 429 1450 sinceri
457 1391 577 1450 iudices
607 1391 733 1450 fuimus.
777 1391 865 1451 Haec
892 1391 951 1450 tibi
980 1391 1100 1469 scripsi,
1123 1404 1151 1448 10

98 1500 244 1579 primum,
266 1507 303 1560 ut
323 1502 444 1579 aliquid
465 1502 537 1561 novi
560 1502 734 1576 scriberem,
750 1501 872 1577 deinde,
887 1507 923 1560 ut
939 1520 1002 1559 non
1016 1520 1102 1558 num-

98 1624 193 1684 quam
209 1607 247 1665 de
262 1625 294 1666 re
309 1607 436 1684 publica
448 1607 599 1684 loquerer,
614 1607 703 1666 cuius
717 1606 865 1666 materiae
879 1606 969 1666 nobis
984 1611 1102 1682 quanto

98 1711 198 1771 rarior
216 1731 310 1788 quam
330 1713 487 1772 veteribus
502 1713 622 1772 occasio
636 1711 842 1771 tantominus
857 1711 1030 1770 omittenda
1044 1718 1100 1770 est.

48 1825 77 1870 11
97 1817 142 1876 Et
169 1816 294 1875 hercule
322 1836 483 1894 quousque
508 1817 565 1877 illa
587 1817 727 1891 vulgaria
752 1816 845 1893 ‘quid
867 1816 960 1892 agis?
980 1816 1100 1892 ecquid

97 1921 258 1981 commode
274 1921 404 1982 vales?'
446 1923 594 1982 Habeant
614 1929 738 1982 nostrae
760 1939 882 1999 qnoque
904 1921 1029 1980 litterae
1049 1921 1102 1980 ali·
1123 1933 1150 1976 15

98 2026 176 2104 quid
190 2045 253 2085 non
267 2026 386 2085 humile
408 2046 464 2086 nec
487 2028 647 2087 sordidum
668 2045 725 2086 neo
747 2026 879 2104 privatis
897 2026 988 2086 rebus
1006 2025 1101 2085 inclu-

47 2137 77 2182 12
99 2151 178 2191 sum.
222 2132 302 2191 Sunt
329 2132 454 2208 quidem
483 2138 596 2192 cuncta
616 2133 674 2192 sub
694 2132 788 2191 unius
810 2131 949 2204 arbitrio
970 2131 1023 2208 qui
1044 2149 1101 2208 pro

98 2235 240 2296 utilitate
255 2236 411 2295 communi
426 2236 510 2296 solus
525 2237 662 2295 omnium
686 2256 776 2296 curas
797 2236 980 2313 laboresque
1003 2254 1102 2296 susce-

98 2342 164 2419 pit;
188 2341 315 2419 quidam
329 2348 436 2401 tamen
453 2342 572 2402 salubri
592 2348 839 2419 temperamento
854 2343 892 2401 ad
907 2362 963 2402 nos
978 2360 1101 2419 quoque

97 2447 187 2506 velut
209 2447 270 2505 rivi
291 2467 330 2507 ex
350 2447 407 2506 illo
427 2448 653 2524 benignissimo
670 2449 758 2507 fonte
778 2448 955 2521 decurrunt,
971 2466 1048 2524 quos
1070 2452 1102 2506 et
1121 2461 1151 2506 20

97 2551 225 2611 haurire
240 2553 302 2630 ipsi
317 2559 349 2614 et
363 2553 545 2614 absentibus
564 2553 673 2613 amicis
688 2553 778 2631 quasi
794 2552 972 2613 ministrare
987 2553 1102 2630 epistu-

97 2656 139 2718 lis
154 2676 327 2735 possumus.
369 2658 456 2719 Vale.

500 2839 552 2899 41.
582 2837 700 2918 (xxi.)

256 2997 286 3049 C.
308 2997 453 3049 PLINIUS
476 2996 656 3048 CORNELIO
677 2996 805 3048 PRISCO
828 2996 895 3049 SUO
919 2997 946 3048 S.

206 3144 345 3196 Martial’s
357 3145 436 3196 death
442 3158 454 3210 ;
471 3159 508 3197 aa
520 3147 638 3208 epipam
651 3146 683 3208 os
690 3146 732 3194 tis
744 3146 773 3195 in
789 3145 892 3207 Plioy’s
904 3145 996 3195 tooor.

61 3303 76 3347 1
139 3288 245 3348 Audio
260 3290 416 3350 Valerium
441 3290 619 3350 Martialem
641 3291 812 3350 decessisse
827 3296 859 3349 et
873 3289 1002 3349 moleste
1023 3289 1098 3348 fero.

97 3396 177 3455 Erat
201 3394 293 3455 homo
314 3395 495 3471 ingeniosus
515 3402 625 3456 acutus
647 3415 725 3470 acer,
748 3401 779 3454 et
801 3396 855 3473 qui
876 3395 1045 3472 plurimum
1068 3395 1101 3452 in

98 3500 263 3560 scribendo
284 3506 317 3560 et
338 3501 412 3561 salis
433 3502 563 3562 haberet
584 3508 616 3562 et
637 3501 723 3561 fellis
744 3520 800 3561 nec
822 3500 966 3560 candoris
987 3500 1098 3559 minus.
1120 3513 1149 3558 25

60 3614 77 3659 2
97 3607 287 3666 Prosecutus
302 3625 385 3666 eram
401 3608 517 3668 viatico
538 3609 750 3668 secedentem:
781 3608 927 3666 dederam
948 3606 1006 3664 hoc
1028 3605 1101 3664 ami-

97 3712 202 3787 citiae,
218 3712 365 3773 dederam
385 3713 482 3774 etiam
502 3713 666 3774 versiculis
689 3733 766 3791 quos
788 3714 826 3772 de
847 3731 896 3772 me
917 3711 1099 3790 composuit.
