2664 4170
185 256 226 318 90
607 263 637 315 c.
659 263 760 314 rnrur

184 444 232 497 est
247 442 365 496 certare
380 454 510 495 mecum.
552 436 611 496 Est
627 434 704 495 haec
718 455 776 513 pro
790 433 882 496 Attia
896 436 1035 512 Viriola,
1052 442 1085 498 et
1098 438 1190 514 digni·
1205 442 1216 486 ²

184 550 249 602 tate
264 561 414 620 personae
429 549 460 600 et
475 541 611 618 exempli
633 541 763 600 raritate
784 547 816 600 et
837 541 950 600 iudicii
972 544 1188 620 magnitudine

184 647 326 722 insignis.
369 648 452 705 Nam
474 647 593 705 femina
613 645 777 724 splendide
801 651 885 721 nata,
908 653 1015 725 nupta
1038 648 1188 726 praetorio

184 754 261 827 viro,
276 752 467 811 exheredata
481 752 520 811 ab
535 751 732 828 octogenario
746 757 837 829 patre
853 751 940 812 intra
958 754 1110 813 undecim
1126 754 1186 814 dies

150 873 164 916 5
185 878 278 935 quam
292 858 342 915 illi
356 875 520 916 novercam
540 876 643 916 amore
663 861 775 934 captus
795 856 975 933 induxerat,
992 859 1186 937 quadruplici

184 963 301 1022 iudicio
315 963 396 1021 bona
407 968 537 1039 paterna
549 962 716 1039 repetebat.
760 960 917 1021 Sedebant
928 968 1060 1022 centum
1072 970 1104 1022 et
1115 969 1186 1023 octo
1200 970 1212 1015 3

185 1070 273 1143 ginta
286 1068 422 1141 iudices,
445 1072 493 1125 tot
508 1066 590 1125 enim
603 1071 750 1143 quattuor
761 1066 901 1127 consiliis
913 1067 1127 1145 colliguntur:
1148 1069 1186 1127 in-

184 1192 260 1249 gens
275 1172 431 1248 utrimque
446 1172 610 1231 advocatio
624 1177 657 1231 et
670 1190 835 1232 numerosa
851 1172 1014 1247 subsellia,
1031 1179 1186 1251 praeterea

184 1280 282 1338 densa
296 1277 567 1336 circumstantium
583 1295 695 1336 corona
709 1276 899 1337 latissimum
913 1277 1073 1337 iudicium
1090 1279 1186 1338 multi-

137 1401 165 1445 1o
184 1384 260 1461 plici
274 1383 391 1442 circulo
413 1382 559 1442 ambibat.
604 1381 653 1441 Ad
674 1381 732 1442 hoo
753 1381 906 1461 stipatum
927 1383 1083 1460 tribunal,
1098 1391 1212 1462 atquel

184 1490 279 1548 etiam
295 1507 333 1546 ex
349 1487 506 1564 superiore
522 1487 669 1547 basilicae
691 1492 780 1565 parte
801 1506 864 1564 qua
884 1488 1025 1548 feminae
1048 1509 1111 1567 qua
1131 1489 1186 1548 viri

184 1600 216 1652 et
233 1593 390 1666 audiendi,
407 1594 489 1669 quod
511 1591 645 1667 difficile,
661 1599 693 1652 et
713 1593 797 1670 quod
816 1593 921 1668 facile,
936 1593 1066 1654 visendi
1088 1594 1187 1656 studio

183 1700 398 1758 imminebant.
441 1699 558 1773 Magna
568 1698 760 1775 exspectatio
771 1703 906 1776 patrum,
915 1716 1033 1774 magna
1044 1700 1186 1775 filiarum,

184 1825 298 1880 magna
319 1804 414 1863 etiarn
434 1822 645 1863 novercarum.
689 1803 819 1864 Secutus
842 1810 891 1864 est
916 1803 1025 1865 varius
1049 1814 1185 1866 eventus.
1265 1840 1267 1848 ·

137 1930 164 1973 15
184 1912 266 1969 Nam
283 1910 403 1969 duobus
418 1908 558 1969 consiliis
575 1908 716 1984 vicimus,
728 1908 860 1968 totidem
874 1909 951 1969 victi
967 1929 1089 1972 sumus.
1130 1913 1213 1971 Ner

184 2016 291 2076 tabilis
306 2033 432 2092 prorsus
451 2019 482 2073 et
503 2014 583 2073 mira
604 2014 711 2073 eadem
733 2013 767 2072 in
787 2033 890 2090 causa,
905 2014 1007 2075 isdem
1021 2015 1186 2092 iudicibus,

184 2122 284 2180 isdem
299 2120 467 2193 advocatis,
484 2120 593 2178 eodem
607 2125 745 2196 ternpore
762 2124 851 2179 tanta
871 2119 1042 2181 diversitas
1066 2122 1185 2196 accidit,

185 2246 267 2299 casu,
283 2245 345 2283 non
360 2226 443 2302 qnod
458 2244 547 2285 casus
567 2225 734 2284 videretur.
777 2226 870 2286 Victa
891 2231 939 2286 est
959 2245 1107 2304 noverca,
1122 2228 1188 2306 ipsa
1201 2237 1214 2283 6

184 2333 274 2390 heres
292 2351 330 2390 ex
352 2337 440 2408 parte
463 2337 559 2405 sexta,
581 2331 684 2390 victus
707 2330 886 2406 Suberinns,
901 2331 955 2408 qui
978 2332 1186 2395 exheredatus

136 2457 165 2502 20
185 2457 203 2496 a
217 2443 305 2515 patre
322 2436 472 2511 singulari
488 2436 673 2513 inpudentia
684 2437 779 2496 alieni
794 2437 893 2514 patris
904 2437 986 2497 bona
996 2437 1185 2512 vindicabat,

184 2563 246 2602 non
262 2562 354 2601 ausus
371 2542 418 2600 sui
434 2548 547 2619 petere.
590 2543 678 2601 Haec
693 2542 753 2601 tibi
760 2542 913 2620 ..exposui
929 2541 1078 2620 primum,
1094 2551 1130 2604 ut
1150 2563 1185 2603 ex
1201 2555 1213 2602 7

185 2648 321 2725 epistula
332 2647 426 2707 scires
438 2665 516 2724 quae
528 2665 567 2705 ex
578 2647 717 2706 oratione
731 2667 794 2707 non
809 2654 949 2726 poteras:
973 2648 1090 2708 deinde
1104 2649 1186 2729 (nam

185 2756 328 2828 detegam
343 2756 450 2834 artes),
465 2758 501 2811 ut
516 2752 686 2811 orationem
702 2753 853 2814 libentius
870 2754 998 2830 legeres,
1015 2753 1042 2815 si
1064 2774 1129 2814 non
1148 2755 1186 2814 le

185 2879 255 2935 gere
273 2859 332 2917 tibi
354 2859 408 2918 sed
428 2859 579 2917 interesse
601 2857 717 2917 iudicio
738 2858 905 2935 videreris,
927 2878 1032 2936 quarn,
1049 2860 1093 2920 sit
1114 2860 1186 2919 licet

135 2981 164 3025 25
185 2984 306 3039 magna,
326 2983 387 3022 non
410 2965 539 3040 despero
561 2962 693 3038 gratiam
715 2962 917 3024 brevissimae
938 2964 1185 3042 impetraturam.

184 3071 268 3130 Nam
284 3076 315 3128 et
330 3069 420 3145 copia
433 3088 536 3127 rerum
551 3073 582 3126 et
597 3073 706 3144 arguta
721 3068 876 3129 divisione
890 3075 923 3130 et
942 3070 1186 3131 narratiunculis
1203 3079 1216 3124 8

185 3175 329 3252 pluribus
350 3180 381 3232 et
403 3172 568 3250 eloquendi
590 3173 742 3232 varietate
765 3181 940 3234 renovatur.
984 3175 1065 3235 Sunt
1087 3177 1188 3235 multa

187 3280 263 3358 (non
274 3281 419 3338 auderem
431 3279 492 3337 nisi
505 3278 564 3337 tibi
576 3278 690 3359 dicere)
705 3279 795 3353 elata,
806 3280 906 3339 multa
913 3280 1076 3357 pugnacia,
1088 3282 1188 3340 multa

185 3384 322 3445 subtilia.
366 3382 542 3442 Intervenit
556 3383 639 3441 enim
654 3383 776 3443 acribus
791 3384 855 3444 illis
868 3390 900 3444 et
913 3384 1025 3444 erectis
1037 3385 1188 3464 frequens
1205 3400 1219 3446 9

137 3508 167 3554 30
185 3490 355 3550 necessitas
369 3488 560 3566 conputandi
572 3507 607 3547 ac
622 3507 720 3565 paene
739 3489 874 3549 calculos
895 3490 1099 3568 tabulamque
1122 3513 1190 3571 pos-

186 3596 284 3669 cendi,
300 3601 336 3655 ut
350 3601 477 3673 repente
491 3594 525 3654 in
540 3593 656 3672 privati
675 3593 783 3654 iudicii
805 3596 938 3655 formam
960 3599 1189 3660 centumvirale

186 3707 334 3760 vertatur.
377 3700 529 3762 Dedimus
540 3700 612 3760 vela
625 3698 844 3777 indignationi,
857 3701 1000 3761 dedimus
1016 3701 1091 3779 irae,
1105 3705 1192 3766 dedi·
1210 3724 1236 3771 io
