<?xml version="1.0" encoding="UTF-8"?>
<!DOCTYPE html PUBLIC "-//W3C//DTD XHTML 1.0 Transitional//EN"
    "http://www.w3.org/TR/xhtml1/DTD/xhtml1-transitional.dtd">
<html xmlns="http://www.w3.org/1999/xhtml" xml:lang="en" lang="en">
 <head>
  <title>
</title>
<meta http-equiv="Content-Type" content="text/html;charset=utf-8" />
  <meta name='ocr-system' content='tesseract 3.04.00' />
  <meta name='ocr-capabilities' content='ocr_page ocr_carea ocr_par ocr_line ocrx_word'/>
</head>
<body>
  <div class='ocr_page' id='page_1' title='image "./cplinisecundiep02plingoog_0073.png"; bbox 0 0 2664 4170; ppageno 0'>
   <div class='ocr_carea' id='block_1_1' title="bbox 190 247 765 309">
    <p class='ocr_par' dir='ltr' id='par_1_1' title="bbox 190 247 765 309">
     <span class='ocr_line' id='line_1_1' title="bbox 190 247 765 309; baseline -0.003 -1"><span class='ocrx_word' id='word_1_1' title='bbox 190 247 230 309; x_wconf 77' lang='lat'>26</span> <span class='ocrx_word' id='word_1_2' title='bbox 615 258 645 309; x_wconf 88' lang='lat' dir='ltr'>c.</span> <span class='ocrx_word' id='word_1_3' title='bbox 665 257 765 307; x_wconf 74' lang='lat' dir='ltr'>rami</span> 
     </span>
    </p>
   </div>
   <div class='ocr_carea' id='block_1_2' title="bbox 153 428 1222 1138">
    <p class='ocr_par' dir='ltr' id='par_1_2' title="bbox 188 428 1222 824">
     <span class='ocr_line' id='line_1_2' title="bbox 189 428 1195 510; baseline 0.006 -22"><span class='ocrx_word' id='word_1_4' title='bbox 189 429 355 488; x_wconf 90' lang='lat' dir='ltr'>admiratio</span> <span class='ocrx_word' id='word_1_5' title='bbox 374 435 414 503; x_wconf 91' lang='lat' dir='ltr'>te,</span> <span class='ocrx_word' id='word_1_6' title='bbox 430 429 483 506; x_wconf 89' lang='lat' dir='ltr'>qui</span> <span class='ocrx_word' id='word_1_7' title='bbox 502 428 627 504; x_wconf 85' lang='lat' dir='ltr'>clamor,</span> <span class='ocrx_word' id='word_1_8' title='bbox 644 429 727 506; x_wconf 92' lang='lat' dir='ltr'>quod</span> <span class='ocrx_word' id='word_1_9' title='bbox 747 432 843 489; x_wconf 90' lang='lat' dir='ltr'>ctiam</span> <span class='ocrx_word' id='word_1_10' title='bbox 864 431 1031 492; x_wconf 89' lang='lat' dir='ltr'>silentium</span> <span class='ocrx_word' id='word_1_11' title='bbox 1055 441 1195 510; x_wconf 80' lang='lat' dir='ltr'>maneat3</span> 
     </span>
     <span class='ocr_line' id='line_1_3' title="bbox 189 534 1195 614; baseline 0.007 -22"><span class='ocrx_word' id='word_1_12' title='bbox 189 554 250 610; x_wconf 89' lang='lat' dir='ltr'>quo</span> <span class='ocrx_word' id='word_1_13' title='bbox 275 553 340 609; x_wconf 85' lang='lat' dir='ltr'>ego,</span> <span class='ocrx_word' id='word_1_14' title='bbox 365 553 435 592; x_wconf 89' lang='lat' dir='ltr'>cum</span> <span class='ocrx_word' id='word_1_15' title='bbox 458 535 527 593; x_wconf 88' lang='lat' dir='ltr'>dico</span> <span class='ocrx_word' id='word_1_16' title='bbox 542 534 592 593; x_wconf 91' lang='lat' dir='ltr'>vel</span> <span class='ocrx_word' id='word_1_17' title='bbox 610 535 716 609; x_wconf 87' lang='lat' dir='ltr'>recito,</span> <span class='ocrx_word' id='word_1_18' title='bbox 732 554 794 594; x_wconf 89' lang='lat' dir='ltr'>non</span> <span class='ocrx_word' id='word_1_19' title='bbox 815 536 919 596; x_wconf 91' lang='lat' dir='ltr'>minus</span> <span class='ocrx_word' id='word_1_20' title='bbox 943 556 1041 614; x_wconf 87' lang='lat' dir='ltr'>quam</span> <span class='ocrx_word' id='word_1_21' title='bbox 1063 539 1195 599; x_wconf 88' lang='lat' dir='ltr'>clamore</span> 
     </span>
     <span class='ocr_line' id='line_1_4' title="bbox 189 639 1194 723; baseline 0.006 -25"><span class='ocrx_word' id='word_1_22' title='bbox 189 640 335 712; x_wconf 84' lang='lat' dir='ltr'>delector,</span> <span class='ocrx_word' id='word_1_23' title='bbox 352 640 394 698; x_wconf 90' lang='lat' dir='ltr'>sit</span> <span class='ocrx_word' id='word_1_24' title='bbox 408 640 499 698; x_wconf 90' lang='lat' dir='ltr'>ruodo</span> <span class='ocrx_word' id='word_1_25' title='bbox 514 639 675 698; x_wconf 88' lang='lat' dir='ltr'>silentium</span> <span class='ocrx_word' id='word_1_26' title='bbox 690 658 759 699; x_wconf 89' lang='lat' dir='ltr'>acre</span> <span class='ocrx_word' id='word_1_27' title='bbox 774 647 806 699; x_wconf 89' lang='lat' dir='ltr'>et</span> <span class='ocrx_word' id='word_1_28' title='bbox 820 641 980 700; x_wconf 90' lang='lat' dir='ltr'>intentum</span> <span class='ocrx_word' id='word_1_29' title='bbox 998 649 1032 702; x_wconf 91' lang='lat' dir='ltr'>et</span> <span class='ocrx_word' id='word_1_30' title='bbox 1048 645 1194 723; x_wconf 89' lang='lat' dir='ltr'>cupidum</span> 
     </span>
     <span class='ocr_line' id='line_1_5' title="bbox 188 745 1222 824; baseline 0.003 -21"><span class='ocrx_word' id='word_1_31' title='bbox 188 745 338 803; x_wconf 83' lang='lat' dir='ltr'>ulteriora</span> <span class='ocrx_word' id='word_1_32' title='bbox 353 745 509 803; x_wconf 86' lang='lat' dir='ltr'>audiendi.</span> <span class='ocrx_word' id='word_1_33' title='bbox 552 746 622 804; x_wconf 92' lang='lat' dir='ltr'>Hoc</span> <span class='ocrx_word' id='word_1_34' title='bbox 636 746 743 804; x_wconf 86' lang='lat' dir='ltr'>fructu</span> <span class='ocrx_word' id='word_1_35' title='bbox 758 752 855 821; x_wconf 87' lang='lat' dir='ltr'>tanto,</span> <span class='ocrx_word' id='word_1_36' title='bbox 870 751 934 805; x_wconf 86' lang='lat' dir='ltr'>tam</span> <span class='ocrx_word' id='word_1_37' title='bbox 954 755 1069 824; x_wconf 86' lang='lat' dir='ltr'>parato</span> <span class='ocrx_word' id='word_1_38' title='bbox 1088 750 1193 810; x_wconf 90' lang='lat' dir='ltr'>desine</span> <span class='ocrx_word' id='word_1_39' title='bbox 1210 762 1222 806; x_wconf 81' lang='lat' dir='ltr'>u</span> 
     </span>
    </p>

    <p class='ocr_par' dir='ltr' id='par_1_3' title="bbox 153 849 1192 1138">
     <span class='ocr_line' id='line_1_6' title="bbox 153 849 1192 930; baseline 0.008 -24"><span class='ocrx_word' id='word_1_40' title='bbox 153 863 168 906; x_wconf 80' lang='lat'>5</span> <span class='ocrx_word' id='word_1_41' title='bbox 189 850 294 909; x_wconf 89' lang='lat' dir='ltr'>studia</span> <span class='ocrx_word' id='word_1_42' title='bbox 315 856 369 908; x_wconf 90' lang='lat' dir='ltr'>tua</span> <span class='ocrx_word' id='word_1_43' title='bbox 389 849 515 909; x_wconf 87' lang='lat' dir='ltr'>infinita</span> <span class='ocrx_word' id='word_1_44' title='bbox 536 850 597 909; x_wconf 89' lang='lat' dir='ltr'>ista</span> <span class='ocrx_word' id='word_1_45' title='bbox 617 850 814 910; x_wconf 79' lang='lat' dir='ltr'>cunctatione</span> <span class='ocrx_word' id='word_1_46' title='bbox 834 851 998 927; x_wconf 81' lang='lat' dir='ltr'>fraudare3</span> <span class='ocrx_word' id='word_1_47' title='bbox 1021 872 1104 930; x_wconf 91' lang='lat' dir='ltr'>quae</span> <span class='ocrx_word' id='word_1_48' title='bbox 1126 873 1192 914; x_wconf 86' lang='lat' dir='ltr'>oum</span> 
     </span>
     <span class='ocr_line' id='line_1_7' title="bbox 189 956 1192 1029; baseline 0.003 -15"><span class='ocrx_word' id='word_1_49' title='bbox 189 956 313 1014; x_wconf 90' lang='lat' dir='ltr'>modum</span> <span class='ocrx_word' id='word_1_50' title='bbox 335 956 467 1029; x_wconf 80' lang='lat' dir='ltr'>excedit,</span> <span class='ocrx_word' id='word_1_51' title='bbox 482 957 652 1014; x_wconf 88' lang='lat' dir='ltr'>verendum</span> <span class='ocrx_word' id='word_1_52' title='bbox 671 962 720 1016; x_wconf 89' lang='lat' dir='ltr'>est</span> <span class='ocrx_word' id='word_1_53' title='bbox 736 975 775 1015; x_wconf 89' lang='lat' dir='ltr'>ne</span> <span class='ocrx_word' id='word_1_54' title='bbox 793 956 924 1016; x_wconf 87' lang='lat' dir='ltr'>inertiae</span> <span class='ocrx_word' id='word_1_55' title='bbox 939 962 973 1017; x_wconf 88' lang='lat' dir='ltr'>et</span> <span class='ocrx_word' id='word_1_56' title='bbox 987 958 1130 1019; x_wconf 79' lang='lat' dir='ltr'>desidiae</span> <span class='ocrx_word' id='word_1_57' title='bbox 1144 959 1192 1019; x_wconf 88' lang='lat' dir='ltr'>vel</span> 
     </span>
     <span class='ocr_line' id='line_1_8' title="bbox 189 1061 892 1138; baseline 0.003 -20"><span class='ocrx_word' id='word_1_58' title='bbox 189 1061 282 1119; x_wconf 86' lang='lat' dir='ltr'>etiam</span> <span class='ocrx_word' id='word_1_59' title='bbox 298 1061 480 1120; x_wconf 82' lang='lat' dir='ltr'>timiditatis</span> <span class='ocrx_word' id='word_1_60' title='bbox 495 1080 608 1120; x_wconf 89' lang='lat' dir='ltr'>nomen</span> <span class='ocrx_word' id='word_1_61' title='bbox 623 1061 763 1138; x_wconf 89' lang='lat' dir='ltr'>accipiat.</span> <span class='ocrx_word' id='word_1_62' title='bbox 806 1061 892 1123; x_wconf 86' lang='lat' dir='ltr'>Vale.</span> 
     </span>
    </p>
   </div>
   <div class='ocr_carea' id='block_1_3' title="bbox 586 1264 794 1346">
    <p class='ocr_par' dir='ltr' id='par_1_4' title="bbox 586 1264 794 1346">
     <span class='ocr_line' id='line_1_9' title="bbox 586 1264 794 1346; baseline -0.014 -20"><span class='ocrx_word' id='word_1_63' title='bbox 586 1267 639 1327; x_wconf 86' lang='lat'>24.</span> <span class='ocrx_word' id='word_1_64' title='bbox 670 1264 794 1346; x_wconf 78' lang='lat' dir='ltr'>(xiii.)</span> 
     </span>
    </p>
   </div>
   <div class='ocr_carea' id='block_1_4' title="bbox 444 1424 936 1476">
    <p class='ocr_par' dir='ltr' id='par_1_5' title="bbox 444 1424 936 1476">
     <span class='ocr_line' id='line_1_10' title="bbox 444 1424 936 1476; baseline 0.006 -3"><span class='ocrx_word' id='word_1_65' title='bbox 444 1424 473 1473; x_wconf 87' lang='lat' dir='ltr'>C.</span> <span class='ocrx_word' id='word_1_66' title='bbox 499 1425 644 1475; x_wconf 89' lang='lat' dir='ltr'>PLINIUS</span> <span class='ocrx_word' id='word_1_67' title='bbox 667 1424 795 1476; x_wconf 84' lang='lat' dir='ltr'>PRIsco</span> <span class='ocrx_word' id='word_1_68' title='bbox 819 1425 886 1475; x_wconf 90' lang='lat' dir='ltr'>SUO</span> <span class='ocrx_word' id='word_1_69' title='bbox 909 1426 936 1476; x_wconf 87' lang='lat' dir='ltr'>S.</span> 
     </span>
    </p>
   </div>
   <div class='ocr_carea' id='block_1_5' title="bbox 255 1557 1124 1622">
    <p class='ocr_par' dir='ltr' id='par_1_6' title="bbox 255 1557 1124 1622">
     <span class='ocr_line' id='line_1_11' title="bbox 255 1557 1124 1622; baseline 0.005 -14"><span class='ocrx_word' id='word_1_70' title='bbox 255 1560 337 1620; x_wconf 74' lang='lat' dir='ltr'>Pliny</span> <span class='ocrx_word' id='word_1_71' title='bbox 349 1559 409 1621; x_wconf 67' lang='lat' dir='ltr'>heys</span> <span class='ocrx_word' id='word_1_72' title='bbox 421 1559 464 1609; x_wconf 78' lang='lat' dir='ltr'>the</span> <span class='ocrx_word' id='word_1_73' title='bbox 476 1561 585 1609; x_wconf 69' lang='lat' dir='ltr'>iliterest</span> <span class='ocrx_word' id='word_1_74' title='bbox 597 1560 629 1621; x_wconf 89' lang='lat' dir='ltr'>os</span> <span class='ocrx_word' id='word_1_75' title='bbox 643 1560 753 1609; x_wconf 81' lang='lat' dir='ltr'>Priscus</span> <span class='ocrx_word' id='word_1_76' title='bbox 762 1561 811 1622; x_wconf 80' lang='lat' dir='ltr'>for</span> <span class='ocrx_word' id='word_1_77' title='bbox 827 1557 959 1610; x_wconf 79' lang='lat' dir='ltr'>Voconius</span> <span class='ocrx_word' id='word_1_78' title='bbox 971 1561 1124 1614; x_wconf 81' lang='lat' dir='ltr'>Romanus.</span> 
     </span>
    </p>
   </div>
   <div class='ocr_carea' id='block_1_6' title="bbox 104 1691 1223 3774">
    <p class='ocr_par' dir='ltr' id='par_1_7' title="bbox 104 1691 1223 3774">
     <span class='ocr_line' id='line_1_12' title="bbox 228 1691 1218 1772; baseline 0 -22"><span class='ocrx_word' id='word_1_79' title='bbox 228 1694 270 1750; x_wconf 88' lang='lat' dir='ltr'>Et</span> <span class='ocrx_word' id='word_1_80' title='bbox 285 1697 321 1750; x_wconf 93' lang='lat' dir='ltr'>tu</span> <span class='ocrx_word' id='word_1_81' title='bbox 335 1691 509 1751; x_wconf 86' lang='lat' dir='ltr'>occasiones</span> <span class='ocrx_word' id='word_1_82' title='bbox 530 1691 688 1768; x_wconf 86' lang='lat' dir='ltr'>obligandi</span> <span class='ocrx_word' id='word_1_83' title='bbox 709 1711 758 1750; x_wconf 92' lang='lat' dir='ltr'>me</span> <span class='ocrx_word' id='word_1_84' title='bbox 780 1692 960 1752; x_wconf 80' lang='lat' dir='ltr'>avidissime</span> <span class='ocrx_word' id='word_1_85' title='bbox 980 1695 1188 1772; x_wconf 84' lang='lat' dir='ltr'>amplecteris,</span> <span class='ocrx_word' id='word_1_86' title='bbox 1207 1707 1218 1750; x_wconf 94' lang='lat'>1</span> 
     </span>
     <span class='ocr_line' id='line_1_13' title="bbox 189 1796 1219 1874; baseline 0.003 -18"><span class='ocrx_word' id='word_1_87' title='bbox 189 1804 220 1856; x_wconf 92' lang='lat' dir='ltr'>et</span> <span class='ocrx_word' id='word_1_88' title='bbox 234 1817 290 1871; x_wconf 83' lang='lat' dir='ltr'>ego</span> <span class='ocrx_word' id='word_1_89' title='bbox 304 1796 422 1855; x_wconf 91' lang='lat' dir='ltr'>nemini</span> <span class='ocrx_word' id='word_1_90' title='bbox 437 1797 586 1856; x_wconf 88' lang='lat' dir='ltr'>libentius</span> <span class='ocrx_word' id='word_1_91' title='bbox 602 1798 706 1857; x_wconf 92' lang='lat' dir='ltr'>debeo.</span> <span class='ocrx_word' id='word_1_92' title='bbox 749 1798 879 1858; x_wconf 89' lang='lat' dir='ltr'>Duabus</span> <span class='ocrx_word' id='word_1_93' title='bbox 900 1816 973 1874; x_wconf 87' lang='lat' dir='ltr'>ergo</span> <span class='ocrx_word' id='word_1_94' title='bbox 994 1800 1034 1859; x_wconf 93' lang='lat' dir='ltr'>de</span> <span class='ocrx_word' id='word_1_95' title='bbox 1051 1802 1155 1862; x_wconf 84' lang='lat' dir='ltr'>causis</span> <span class='ocrx_word' id='word_1_96' title='bbox 1173 1815 1219 1861; x_wconf 77' lang='lat' dir='ltr'>aa</span> 
     </span>
     <span class='ocr_line' id='line_1_14' title="bbox 141 1902 1190 1980; baseline 0.003 -16"><span class='ocrx_word' id='word_1_97' title='bbox 141 1920 168 1964; x_wconf 91' lang='lat'>10</span> <span class='ocrx_word' id='word_1_98' title='bbox 188 1911 219 1961; x_wconf 92' lang='lat' dir='ltr'>te</span> <span class='ocrx_word' id='word_1_99' title='bbox 241 1902 439 1980; x_wconf 88' lang='lat' dir='ltr'>potissimmn</span> <span class='ocrx_word' id='word_1_100' title='bbox 459 1908 564 1979; x_wconf 89' lang='lat' dir='ltr'>petere</span> <span class='ocrx_word' id='word_1_101' title='bbox 582 1903 730 1962; x_wconf 86' lang='lat' dir='ltr'>constitui</span> <span class='ocrx_word' id='word_1_102' title='bbox 748 1903 831 1980; x_wconf 91' lang='lat' dir='ltr'>quod</span> <span class='ocrx_word' id='word_1_103' title='bbox 846 1903 1040 1980; x_wconf 87' lang='lat' dir='ltr'>inpetratum</span> <span class='ocrx_word' id='word_1_104' title='bbox 1054 1907 1190 1966; x_wconf 86' lang='lat' dir='ltr'>maxime</span> 
     </span>
     <span class='ocr_line' id='line_1_15' title="bbox 188 2008 1191 2085; baseline 0.006 -19"><span class='ocrx_word' id='word_1_105' title='bbox 188 2009 287 2085; x_wconf 88' lang='lat' dir='ltr'>cupio.</span> <span class='ocrx_word' id='word_1_106' title='bbox 330 2008 426 2082; x_wconf 80' lang='lat' dir='ltr'>Regis</span> <span class='ocrx_word' id='word_1_107' title='bbox 449 2008 618 2066; x_wconf 84' lang='lat' dir='ltr'>exercitum</span> <span class='ocrx_word' id='word_1_108' title='bbox 641 2008 885 2084; x_wconf 87' lang='lat' dir='ltr'>amplissimum:</span> <span class='ocrx_word' id='word_1_109' title='bbox 914 2009 988 2068; x_wconf 87' lang='lat' dir='ltr'>hino</span> <span class='ocrx_word' id='word_1_110' title='bbox 1017 2010 1077 2069; x_wconf 90' lang='lat' dir='ltr'>tibi</span> <span class='ocrx_word' id='word_1_111' title='bbox 1104 2012 1191 2072; x_wconf 88' lang='lat' dir='ltr'>bene·</span> 
     </span>
     <span class='ocr_line' id='line_1_16' title="bbox 188 2113 1190 2194; baseline 0.005 -23"><span class='ocrx_word' id='word_1_112' title='bbox 188 2113 329 2172; x_wconf 81' lang='lat' dir='ltr'>liciorum</span> <span class='ocrx_word' id='word_1_113' title='bbox 354 2113 441 2187; x_wconf 81' lang='lat' dir='ltr'>larga</span> <span class='ocrx_word' id='word_1_114' title='bbox 467 2113 607 2188; x_wconf 90' lang='lat' dir='ltr'>materia,</span> <span class='ocrx_word' id='word_1_115' title='bbox 631 2114 758 2190; x_wconf 85' lang='lat' dir='ltr'>longum</span> <span class='ocrx_word' id='word_1_116' title='bbox 785 2121 947 2191; x_wconf 84' lang='lat' dir='ltr'>praeterea</span> <span class='ocrx_word' id='word_1_117' title='bbox 973 2120 1102 2192; x_wconf 90' lang='lat' dir='ltr'>tempus</span> <span class='ocrx_word' id='word_1_118' title='bbox 1130 2137 1190 2194; x_wconf 92' lang='lat' dir='ltr'>quo</span> 
     </span>
     <span class='ocr_line' id='line_1_17' title="bbox 188 2219 1221 2297; baseline 0.004 -19"><span class='ocrx_word' id='word_1_119' title='bbox 188 2219 303 2278; x_wconf 89' lang='lat' dir='ltr'>amicos</span> <span class='ocrx_word' id='word_1_120' title='bbox 325 2226 395 2279; x_wconf 90' lang='lat' dir='ltr'>tuos</span> <span class='ocrx_word' id='word_1_121' title='bbox 417 2237 565 2277; x_wconf 84' lang='lat' dir='ltr'>exornare</span> <span class='ocrx_word' id='word_1_122' title='bbox 590 2219 729 2296; x_wconf 89' lang='lat' dir='ltr'>potuisti.</span> <span class='ocrx_word' id='word_1_123' title='bbox 780 2220 967 2280; x_wconf 84' lang='lat' dir='ltr'>Convertere</span> <span class='ocrx_word' id='word_1_124' title='bbox 990 2221 1031 2280; x_wconf 90' lang='lat' dir='ltr'>ad</span> <span class='ocrx_word' id='word_1_125' title='bbox 1055 2228 1221 2297; x_wconf 84' lang='lat' dir='ltr'>nostros,3</span> 
     </span>
     <span class='ocr_line' id='line_1_18' title="bbox 188 2325 1190 2402; baseline 0.005 -19"><span class='ocrx_word' id='word_1_126' title='bbox 188 2344 244 2383; x_wconf 91' lang='lat' dir='ltr'>nec</span> <span class='ocrx_word' id='word_1_127' title='bbox 269 2325 325 2384; x_wconf 89' lang='lat' dir='ltr'>hos</span> <span class='ocrx_word' id='word_1_128' title='bbox 350 2325 473 2384; x_wconf 90' lang='lat' dir='ltr'>multos.</span> <span class='ocrx_word' id='word_1_129' title='bbox 517 2325 631 2384; x_wconf 89' lang='lat' dir='ltr'>Malles</span> <span class='ocrx_word' id='word_1_130' title='bbox 655 2331 691 2385; x_wconf 89' lang='lat' dir='ltr'>tu</span> <span class='ocrx_word' id='word_1_131' title='bbox 718 2325 844 2402; x_wconf 92' lang='lat' dir='ltr'>quidem</span> <span class='ocrx_word' id='word_1_132' title='bbox 872 2325 997 2399; x_wconf 89' lang='lat' dir='ltr'>multos,</span> <span class='ocrx_word' id='word_1_133' title='bbox 1023 2328 1079 2386; x_wconf 91' lang='lat' dir='ltr'>sed</span> <span class='ocrx_word' id='word_1_134' title='bbox 1104 2347 1190 2388; x_wconf 87' lang='lat' dir='ltr'>meae</span> 
     </span>
     <span class='ocr_line' id='line_1_19' title="bbox 140 2430 1190 2507; baseline 0.001 -16"><span class='ocrx_word' id='word_1_135' title='bbox 140 2447 167 2491; x_wconf 90' lang='lat'>15</span> <span class='ocrx_word' id='word_1_136' title='bbox 189 2430 392 2489; x_wconf 87' lang='lat' dir='ltr'>verecundiae</span> <span class='ocrx_word' id='word_1_137' title='bbox 415 2430 528 2489; x_wconf 90' lang='lat' dir='ltr'>sufficit</span> <span class='ocrx_word' id='word_1_138' title='bbox 549 2450 629 2489; x_wconf 90' lang='lat' dir='ltr'>unus</span> <span class='ocrx_word' id='word_1_139' title='bbox 651 2437 706 2489; x_wconf 91' lang='lat' dir='ltr'>aut</span> <span class='ocrx_word' id='word_1_140' title='bbox 727 2431 814 2505; x_wconf 88' lang='lat' dir='ltr'>alter,</span> <span class='ocrx_word' id='word_1_141' title='bbox 837 2449 872 2490; x_wconf 89' lang='lat' dir='ltr'>ac</span> <span class='ocrx_word' id='word_1_142' title='bbox 893 2431 998 2507; x_wconf 90' lang='lat' dir='ltr'>potius</span> <span class='ocrx_word' id='word_1_143' title='bbox 1020 2452 1112 2492; x_wconf 90' lang='lat' dir='ltr'>unus.</span> <span class='ocrx_word' id='word_1_144' title='bbox 1157 2434 1190 2493; x_wconf 90' lang='lat' dir='ltr'>Is</span> 
     </span>
     <span class='ocr_line' id='line_1_20' title="bbox 188 2536 1221 2614; baseline 0.004 -20"><span class='ocrx_word' id='word_1_145' title='bbox 188 2536 247 2594; x_wconf 88' lang='lat' dir='ltr'>erit</span> <span class='ocrx_word' id='word_1_146' title='bbox 274 2536 430 2595; x_wconf 86' lang='lat' dir='ltr'>Voconius</span> <span class='ocrx_word' id='word_1_147' title='bbox 458 2537 626 2596; x_wconf 82' lang='lat' dir='ltr'>Romanus.</span> <span class='ocrx_word' id='word_1_148' title='bbox 682 2538 778 2595; x_wconf 88' lang='lat' dir='ltr'>Pater</span> <span class='ocrx_word' id='word_1_149' title='bbox 805 2537 835 2595; x_wconf 92' lang='lat' dir='ltr'>ei</span> <span class='ocrx_word' id='word_1_150' title='bbox 862 2537 895 2595; x_wconf 94' lang='lat' dir='ltr'>in</span> <span class='ocrx_word' id='word_1_151' title='bbox 923 2537 1062 2613; x_wconf 90' lang='lat' dir='ltr'>equestri</span> <span class='ocrx_word' id='word_1_152' title='bbox 1090 2539 1221 2614; x_wconf 69' lang='lat' dir='ltr'>gradui</span> 
     </span>
     <span class='ocr_line' id='line_1_21' title="bbox 104 2629 1191 2721; baseline 0.005 -23"><span class='ocrx_word' id='word_1_153' title='bbox 104 2629 105 2633; x_wconf 28' lang='lat'>¹</span> <span class='ocrx_word' id='word_1_154' title='bbox 188 2641 299 2715; x_wconf 76' lang='lat' dir='ltr'>clame,</span> <span class='ocrx_word' id='word_1_155' title='bbox 316 2641 428 2700; x_wconf 87' lang='lat' dir='ltr'>clarior</span> <span class='ocrx_word' id='word_1_156' title='bbox 442 2642 582 2715; x_wconf 83' lang='lat' dir='ltr'>vitricus,</span> <span class='ocrx_word' id='word_1_157' title='bbox 598 2641 693 2700; x_wconf 90' lang='lat' dir='ltr'>immo</span> <span class='ocrx_word' id='word_1_158' title='bbox 707 2648 797 2719; x_wconf 87' lang='lat' dir='ltr'>pater</span> <span class='ocrx_word' id='word_1_159' title='bbox 811 2642 908 2702; x_wconf 91' lang='lat' dir='ltr'>alius:</span> <span class='ocrx_word' id='word_1_160' title='bbox 931 2661 1004 2701; x_wconf 90' lang='lat' dir='ltr'>nam</span> <span class='ocrx_word' id='word_1_161' title='bbox 1023 2642 1098 2702; x_wconf 91' lang='lat' dir='ltr'>huic</span> <span class='ocrx_word' id='word_1_162' title='bbox 1118 2664 1191 2721; x_wconf 81' lang='lat' dir='ltr'>quo</span> 
     </span>
     <span class='ocr_line' id='line_1_22' title="bbox 188 2747 1189 2824; baseline 0.003 -19"><span class='ocrx_word' id='word_1_163' title='bbox 188 2766 247 2824; x_wconf 88' lang='lat' dir='ltr'>que</span> <span class='ocrx_word' id='word_1_164' title='bbox 266 2747 384 2805; x_wconf 90' lang='lat' dir='ltr'>nomini</span> <span class='ocrx_word' id='word_1_165' title='bbox 404 2747 521 2824; x_wconf 87' lang='lat' dir='ltr'>pietate</span> <span class='ocrx_word' id='word_1_166' title='bbox 540 2747 696 2807; x_wconf 88' lang='lat' dir='ltr'>successit.</span> <span class='ocrx_word' id='word_1_167' title='bbox 740 2749 843 2807; x_wconf 90' lang='lat' dir='ltr'>Mater</span> <span class='ocrx_word' id='word_1_168' title='bbox 864 2766 881 2806; x_wconf 90' lang='lat' dir='ltr'>e</span> <span class='ocrx_word' id='word_1_169' title='bbox 902 2747 1012 2824; x_wconf 86' lang='lat' dir='ltr'>primis</span> <span class='ocrx_word' id='word_1_170' title='bbox 1033 2748 1189 2808; x_wconf 87' lang='lat' dir='ltr'>citerioris</span> 
     </span>
     <span class='ocr_line' id='line_1_23' title="bbox 187 2852 1190 2930; baseline 0.004 -20"><span class='ocrx_word' id='word_1_171' title='bbox 187 2853 378 2930; x_wconf 88' lang='lat' dir='ltr'>Hispaniae:</span> <span class='ocrx_word' id='word_1_172' title='bbox 403 2853 463 2912; x_wconf 88' lang='lat' dir='ltr'>scis</span> <span class='ocrx_word' id='word_1_173' title='bbox 485 2852 568 2929; x_wconf 92' lang='lat' dir='ltr'>quod</span> <span class='ocrx_word' id='word_1_174' title='bbox 589 2852 738 2912; x_wconf 86' lang='lat' dir='ltr'>iudicium</span> <span class='ocrx_word' id='word_1_175' title='bbox 757 2853 936 2929; x_wconf 86' lang='lat' dir='ltr'>provinciae</span> <span class='ocrx_word' id='word_1_176' title='bbox 956 2852 1053 2928; x_wconf 88' lang='lat' dir='ltr'>illius,</span> <span class='ocrx_word' id='word_1_177' title='bbox 1069 2861 1190 2930; x_wconf 88' lang='lat' dir='ltr'>quanta</span> 
     </span>
     <span class='ocr_line' id='line_1_24' title="bbox 137 2958 1221 3036; baseline -0.004 -17"><span class='ocrx_word' id='word_1_178' title='bbox 137 2977 166 3020; x_wconf 81' lang='lat'>20</span> <span class='ocrx_word' id='word_1_179' title='bbox 187 2958 230 3017; x_wconf 89' lang='lat' dir='ltr'>sit</span> <span class='ocrx_word' id='word_1_180' title='bbox 257 2959 401 3032; x_wconf 85' lang='lat' dir='ltr'>gravitas.</span> <span class='ocrx_word' id='word_1_181' title='bbox 458 2958 588 3017; x_wconf 86' lang='lat' dir='ltr'>Flamen</span> <span class='ocrx_word' id='word_1_182' title='bbox 616 2958 755 3036; x_wconf 85' lang='lat' dir='ltr'>proxime</span> <span class='ocrx_word' id='word_1_183' title='bbox 783 2959 855 3017; x_wconf 82' lang='lat' dir='ltr'>fuit.</span> <span class='ocrx_word' id='word_1_184' title='bbox 905 2960 998 3018; x_wconf 88' lang='lat' dir='ltr'>Huno</span> <span class='ocrx_word' id='word_1_185' title='bbox 1027 2977 1093 3035; x_wconf 82' lang='lat' dir='ltr'>ege,</span> <span class='ocrx_word' id='word_1_186' title='bbox 1116 2971 1221 3020; x_wconf 77' lang='lat' dir='ltr'>cums</span> 
     </span>
     <span class='ocr_line' id='line_1_25' title="bbox 187 3063 1187 3141; baseline 0.004 -19"><span class='ocrx_word' id='word_1_187' title='bbox 187 3064 280 3122; x_wconf 89' lang='lat' dir='ltr'>simul</span> <span class='ocrx_word' id='word_1_188' title='bbox 302 3065 506 3137; x_wconf 86' lang='lat' dir='ltr'>studeremus,</span> <span class='ocrx_word' id='word_1_189' title='bbox 522 3069 588 3122; x_wconf 84' lang='lat' dir='ltr'>arte</span> <span class='ocrx_word' id='word_1_190' title='bbox 603 3063 864 3141; x_wconf 82' lang='lat' dir='ltr'>familiariterque</span> <span class='ocrx_word' id='word_1_191' title='bbox 884 3064 999 3124; x_wconf 82' lang='lat' dir='ltr'>dilexi:</span> <span class='ocrx_word' id='word_1_192' title='bbox 1023 3064 1078 3122; x_wconf 86' lang='lat' dir='ltr'>illa</span> <span class='ocrx_word' id='word_1_193' title='bbox 1099 3085 1187 3126; x_wconf 90' lang='lat' dir='ltr'>meus</span> 
     </span>
     <span class='ocr_line' id='line_1_26' title="bbox 186 3169 1188 3245; baseline 0.004 -18"><span class='ocrx_word' id='word_1_194' title='bbox 186 3169 218 3227; x_wconf 91' lang='lat' dir='ltr'>in</span> <span class='ocrx_word' id='word_1_195' title='bbox 233 3170 317 3242; x_wconf 89' lang='lat' dir='ltr'>urbe,</span> <span class='ocrx_word' id='word_1_196' title='bbox 333 3169 387 3227; x_wconf 91' lang='lat' dir='ltr'>ille</span> <span class='ocrx_word' id='word_1_197' title='bbox 402 3169 435 3226; x_wconf 91' lang='lat' dir='ltr'>in</span> <span class='ocrx_word' id='word_1_198' title='bbox 450 3188 573 3229; x_wconf 87' lang='lat' dir='ltr'>secessu</span> <span class='ocrx_word' id='word_1_199' title='bbox 590 3169 828 3244; x_wconf 88' lang='lat' dir='ltr'>contubernalis,</span> <span class='ocrx_word' id='word_1_200' title='bbox 845 3188 915 3228; x_wconf 91' lang='lat' dir='ltr'>cum</span> <span class='ocrx_word' id='word_1_201' title='bbox 933 3169 991 3229; x_wconf 84' lang='lat' dir='ltr'>hoo</span> <span class='ocrx_word' id='word_1_202' title='bbox 1011 3170 1188 3245; x_wconf 74' lang='lat' dir='ltr'>aenaeum</span> 
     </span>
     <span class='ocr_line' id='line_1_27' title="bbox 185 3274 1221 3344; baseline 0.002 -12"><span class='ocrx_word' id='word_1_203' title='bbox 185 3275 243 3333; x_wconf 88' lang='lat' dir='ltr'>hoo</span> <span class='ocrx_word' id='word_1_204' title='bbox 264 3274 346 3333; x_wconf 91' lang='lat' dir='ltr'>iocos</span> <span class='ocrx_word' id='word_1_205' title='bbox 369 3274 488 3334; x_wconf 89' lang='lat' dir='ltr'>miscui.</span> <span class='ocrx_word' id='word_1_206' title='bbox 531 3274 613 3344; x_wconf 77' lang='lat' dir='ltr'>Quid</span> <span class='ocrx_word' id='word_1_207' title='bbox 631 3275 715 3333; x_wconf 88' lang='lat' dir='ltr'>enim</span> <span class='ocrx_word' id='word_1_208' title='bbox 734 3274 789 3333; x_wconf 91' lang='lat' dir='ltr'>illo</span> <span class='ocrx_word' id='word_1_209' title='bbox 807 3280 861 3334; x_wconf 89' lang='lat' dir='ltr'>aut</span> <span class='ocrx_word' id='word_1_210' title='bbox 875 3275 999 3334; x_wconf 86' lang='lat' dir='ltr'>fidelius</span> <span class='ocrx_word' id='word_1_211' title='bbox 1019 3275 1119 3335; x_wconf 89' lang='lat' dir='ltr'>amico</span> <span class='ocrx_word' id='word_1_212' title='bbox 1134 3282 1189 3337; x_wconf 88' lang='lat' dir='ltr'>aut</span> <span class='ocrx_word' id='word_1_213' title='bbox 1207 3289 1221 3334; x_wconf 81' lang='grc'>6</span> 
     </span>
     <span class='ocr_line' id='line_1_28' title="bbox 125 3380 1188 3461; baseline 0.004 -23"><span class='ocrx_word' id='word_1_214' title='bbox 125 3454 129 3461; x_wconf 85' lang='lat'><strong>.</strong></span> <span class='ocrx_word' id='word_1_215' title='bbox 186 3380 292 3439; x_wconf 89' lang='lat' dir='ltr'>sodale</span> <span class='ocrx_word' id='word_1_216' title='bbox 314 3380 506 3439; x_wconf 83' lang='lat' dir='ltr'>iucundius?</span> <span class='ocrx_word' id='word_1_217' title='bbox 547 3381 631 3439; x_wconf 89' lang='lat' dir='ltr'>Mira</span> <span class='ocrx_word' id='word_1_218' title='bbox 652 3380 685 3438; x_wconf 91' lang='lat' dir='ltr'>in</span> <span class='ocrx_word' id='word_1_219' title='bbox 705 3399 853 3455; x_wconf 88' lang='lat' dir='ltr'>sermone,</span> <span class='ocrx_word' id='word_1_220' title='bbox 869 3381 949 3440; x_wconf 86' lang='lat' dir='ltr'>mira</span> <span class='ocrx_word' id='word_1_221' title='bbox 967 3380 1062 3439; x_wconf 91' lang='lat' dir='ltr'>etiam</span> <span class='ocrx_word' id='word_1_222' title='bbox 1082 3381 1116 3440; x_wconf 91' lang='lat' dir='ltr'>in</span> <span class='ocrx_word' id='word_1_223' title='bbox 1135 3401 1188 3442; x_wconf 89' lang='lat' dir='ltr'>ore</span> 
     </span>
     <span class='ocr_line' id='line_1_29' title="bbox 136 3485 1221 3562; baseline 0.006 -20"><span class='ocrx_word' id='word_1_224' title='bbox 136 3504 166 3549; x_wconf 81' lang='lat'>25</span> <span class='ocrx_word' id='word_1_225' title='bbox 186 3486 254 3561; x_wconf 88' lang='lat' dir='ltr'>ipso</span> <span class='ocrx_word' id='word_1_226' title='bbox 270 3485 421 3562; x_wconf 89' lang='lat' dir='ltr'>vultuque</span> <span class='ocrx_word' id='word_1_227' title='bbox 437 3485 583 3546; x_wconf 88' lang='lat' dir='ltr'>suavitas.</span> <span class='ocrx_word' id='word_1_228' title='bbox 628 3485 678 3545; x_wconf 81' lang='lat' dir='ltr'>Ad</span> <span class='ocrx_word' id='word_1_229' title='bbox 693 3486 750 3545; x_wconf 89' lang='lat' dir='ltr'>hoo</span> <span class='ocrx_word' id='word_1_230' title='bbox 765 3486 925 3561; x_wconf 81' lang='lat' dir='ltr'>ingenium</span> <span class='ocrx_word' id='word_1_231' title='bbox 941 3486 1107 3562; x_wconf 86' lang='lat' dir='ltr'>excelsum,</span> <span class='ocrx_word' id='word_1_232' title='bbox 1119 3489 1189 3547; x_wconf 86' lang='lat' dir='ltr'>sub</span> <span class='ocrx_word' id='word_1_233' title='bbox 1208 3501 1221 3547; x_wconf 78' lang='grc'><strong>7</strong></span> 
     </span>
     <span class='ocr_line' id='line_1_30' title="bbox 186 3589 1188 3668; baseline 0.006 -20"><span class='ocrx_word' id='word_1_234' title='bbox 186 3589 250 3664; x_wconf 85' lang='lat' dir='ltr'>tile,</span> <span class='ocrx_word' id='word_1_235' title='bbox 267 3590 366 3663; x_wconf 88' lang='lat' dir='ltr'>dulce,</span> <span class='ocrx_word' id='word_1_236' title='bbox 384 3591 487 3664; x_wconf 84' lang='lat' dir='ltr'>facile,</span> <span class='ocrx_word' id='word_1_237' title='bbox 508 3591 665 3650; x_wconf 90' lang='lat' dir='ltr'>eruditum</span> <span class='ocrx_word' id='word_1_238' title='bbox 687 3592 720 3650; x_wconf 92' lang='lat' dir='ltr'>in</span> <span class='ocrx_word' id='word_1_239' title='bbox 741 3591 844 3652; x_wconf 89' lang='lat' dir='ltr'>causis</span> <span class='ocrx_word' id='word_1_240' title='bbox 865 3592 1010 3667; x_wconf 84' lang='lat' dir='ltr'>agendis:</span> <span class='ocrx_word' id='word_1_241' title='bbox 1034 3592 1188 3668; x_wconf 89' lang='lat' dir='ltr'>epistulas</span> 
     </span>
     <span class='ocr_line' id='line_1_31' title="bbox 186 3695 1223 3774; baseline 0.004 -21"><span class='ocrx_word' id='word_1_242' title='bbox 186 3695 312 3771; x_wconf 90' lang='lat' dir='ltr'>quidem</span> <span class='ocrx_word' id='word_1_243' title='bbox 325 3695 442 3771; x_wconf 88' lang='lat' dir='ltr'>scribit,</span> <span class='ocrx_word' id='word_1_244' title='bbox 454 3701 489 3754; x_wconf 92' lang='lat' dir='ltr'>ut</span> <span class='ocrx_word' id='word_1_245' title='bbox 500 3697 608 3756; x_wconf 89' lang='lat' dir='ltr'>Musas</span> <span class='ocrx_word' id='word_1_246' title='bbox 620 3696 704 3774; x_wconf 89' lang='lat' dir='ltr'>ipsas</span> <span class='ocrx_word' id='word_1_247' title='bbox 716 3697 829 3756; x_wconf 87' lang='lat' dir='ltr'>Latine</span> <span class='ocrx_word' id='word_1_248' title='bbox 843 3696 930 3774; x_wconf 93' lang='lat' dir='ltr'>loqui</span> <span class='ocrx_word' id='word_1_249' title='bbox 940 3697 1057 3757; x_wconf 87' lang='lat' dir='ltr'>credas.</span> <span class='ocrx_word' id='word_1_250' title='bbox 1095 3697 1189 3759; x_wconf 81' lang='lat' dir='ltr'>Ama-</span> <span class='ocrx_word' id='word_1_251' title='bbox 1208 3711 1223 3757; x_wconf 81' lang='lat'>8</span> 
     </span>
    </p>
   </div>
   <div class='ocr_carea' id='block_1_7' title="bbox 0 0 1336 4170">
    <p class='ocr_par' dir='ltr' id='par_1_8' title="bbox 0 0 1336 4170">
     <span class='ocr_line' id='line_1_32' title="bbox 0 0 1336 4170; baseline 0 2"><span class='ocrx_word' id='word_1_252' title='bbox 0 0 1336 4170; x_wconf 95' lang='lat' dir='ltr'> </span> 
     </span>
    </p>
   </div>
  </div>
 </body>
</html>
