2664 4170
241 236 262 294 4
671 249 701 299 C.
718 248 817 299 PLINI

243 417 402 487 ‘Quaeris’
424 418 551 495 inquam
574 420 665 496 ‘quid
687 420 836 480 sentiam:
861 426 894 480 at
914 440 970 498 ego
991 441 1031 481 ne
1053 425 1279 502 interrogarer

241 524 367 600 quidem
392 525 441 584 ias
463 530 539 600 puto
561 525 599 584 de
620 545 681 602 quo
702 526 936 603 pronuntiatum
960 529 1027 587 est'
1068 529 1246 589 Conticuit:

240 648 290 687 me
311 628 379 689 laus
401 636 433 688 et
454 629 623 705 gratulatio
642 637 749 691 secuta
767 636 824 706 est,
840 632 924 709 quod
938 651 994 692 nec
1008 633 1130 698 famam
1146 653 1247 694 meam

241 733 346 811 aliquo
360 752 517 812 responso,
533 735 605 793 utili
620 736 763 810 fortasse,
778 735 945 797 inhonesto
960 743 1076 813 tamen,
1092 737 1246 800 laeseram

205 855 220 898 5
240 858 296 898 nec
311 858 360 897 me
375 839 494 917 laqueis
509 845 575 899 tarn
586 840 755 900 insidiosae
769 841 1024 917 interrogationis
1038 843 1243 905 involverem.

239 945 332 1003 Nunc
360 963 433 1020 ergo
462 945 652 1005 conscientia
680 945 848 1007 exterritus
878 946 1088 1024 adprehendit
1115 949 1276 1009 Caecili-8

239 1069 293 1106 um
321 1049 470 1124 Celerem,
499 1069 571 1109 mox
600 1050 732 1109 Fabium
762 1051 896 1126 Iustum,
924 1057 1014 1127 rogat
1039 1058 1077 1111 ut
1104 1072 1156 1112 me
1184 1055 1244 1114 sibi

240 1154 450 1214 reconcilient.
502 1156 570 1214 Nec
594 1160 768 1229 contentus,
794 1156 937 1233 pervenit
964 1156 1005 1217 ad
1033 1157 1242 1234 Spurinnam:

240 1261 312 1318 huic
332 1260 525 1337 suppliciter,
547 1266 583 1319 ut
604 1265 652 1319 est
672 1278 743 1319 cum
761 1260 854 1320 timet
872 1261 1111 1339 abiectissimus,
1135 1266 1242 1340 ‘rogo'

191 1380 219 1425 10
240 1366 343 1443 inquit
358 1371 463 1424 ‘mane
478 1365 585 1425 videas
597 1364 737 1424 Plinium
748 1366 841 1441 domi,
852 1366 908 1426 sed
920 1366 1014 1444 plane
1024 1385 1116 1426 mane
1127 1367 1242 1446 (neque

240 1473 323 1530 cuim
351 1471 469 1529 diutius
498 1472 580 1529 ferre
607 1470 853 1530 sollicitudinem
880 1473 1031 1552 possum),
1056 1477 1088 1531 et
1116 1492 1242 1551 quoquo

239 1578 330 1636 modo
347 1576 461 1635 efficias
476 1594 515 1634 ne
530 1575 609 1634 mihi
626 1576 797 1635 irascatur!
838 1576 1087 1652 Evigilaveram:
1110 1579 1242 1639 nuntius
1260 1590 1273 1635 9

239 1682 449 1759 aSpurinna:
477 1681 581 1739 ‘venio
604 1681 643 1739 ad
665 1682 715 1740 te!
755 1681 873 1740 ‘Immo
892 1700 949 1758 ego
967 1682 1008 1740 ad
1026 1682 1078 1741 te!
1114 1683 1242 1744 Coimus

239 1789 271 1846 in
297 1787 419 1865 porticu
445 1785 562 1859 Liviae,
594 1804 663 1844 cum
692 1785 771 1844 alter
799 1787 839 1845 ad
868 1786 1002 1846 alterum
1029 1787 1240 1850 tenderemus.

191 1910 218 1953 15
238 1893 379 1970 Exponit
399 1891 514 1966 Reguli
535 1891 691 1965 mandata,
714 1891 803 1950 addit
824 1910 930 1968 preces
953 1911 1034 1968 suas,
1053 1898 1089 1951 ut
1110 1893 1242 1954 decebat

239 1999 391 2076 optimum
418 1997 521 2055 virum
543 2015 599 2073 pro
621 1995 841 2071 dissimillim0,
863 2016 963 2074 parce.
1016 1997 1076 2058 Cui
1102 2017 1161 2075 ego
1184 2005 1192 2036 ‘
1199 1999 1243 2059 di·
1260 2014 1286 2059 ιο

239 2105 351 2182 spicios
366 2105 433 2180 ipse
448 2103 524 2180 quid
536 2102 777 2161 renuntiandum
790 2103 911 2178 Regulo
925 2109 1033 2180 putes:
1056 2109 1089 2163 te
1104 2104 1243 2183 decipis

238 2228 287 2268 me
305 2229 367 2267 non
383 2213 513 2286 oportet.
556 2208 696 2284 Expecto
717 2207 907 2266 Mauricum’
923 2209 1075 2287 (nondum
1091 2209 1131 2269 ab
1145 2209 1242 2268 exilio

238 2317 393 2392 venerat):
411 2319 418 2348 ‘
426 2313 496 2371 ideo
511 2312 591 2370 nihil
606 2310 790 2372 alterutram
801 2313 835 2371 in
846 2319 966 2390 partem
979 2313 1166 2390 respondere
1180 2313 1240 2375 tibi

188 2437 217 2481 20
238 2439 372 2497 possum,
396 2420 537 2478 facturus
560 2417 715 2494 quidquid
740 2418 793 2476 ille
819 2419 1008 2494 decreverit3
1038 2418 1130 2478 illum
1155 2420 1241 2480 enirn

238 2544 304 2585 csse
329 2524 422 2583 huius
445 2523 568 2583 consilii
591 2523 710 2597 ducem,
732 2541 781 2581 me
803 2523 946 2583 comitem
970 2523 1076 2583 decet'
1119 2526 1240 2586 Paucos
1260 2543 1286 2588 11

237 2635 308 2706 post
329 2630 396 2688 dies
416 2629 484 2705 ipse
506 2647 555 2686 me
577 2628 716 2702 Regulus
735 2629 882 2688 convenit
901 2629 933 2687 in
953 2629 1106 2706 praetoris
1121 2629 1238 2690 officio:

237 2734 312 2794 illuc
334 2739 515 2812 persecutus
537 2739 689 2793 secretum
711 2733 807 2810 petit:
831 2733 876 2793 ait
895 2733 1006 2793 timere
1024 2753 1056 2793 se
1075 2753 1115 2794 ne
1134 2735 1241 2795 animo

236 2860 305 2900 meo
326 2841 451 2917 penitus
473 2839 615 2898 haereret
640 2839 723 2915 quod
745 2838 778 2897 in
802 2838 1019 2898 centumvirali
1044 2839 1161 2899 iudicio
1185 2841 1241 2900 ali-

187 2967 216 3011 25
236 2947 361 3023 quando
386 2945 526 3018 dixisset,
547 2963 617 3002 cum
639 2944 840 3020 responderet
862 2944 940 3002 mihi
963 2950 995 3004 et
1016 2945 1120 3004 Satrio
1141 2946 1239 3022 Rufo,

238 3051 376 3110 ‘Satrius
397 3050 510 3122 Rufus,
528 3049 578 3108 cui
599 3068 662 3107 non
683 3054 731 3108 est
751 3068 821 3108 curn
844 3048 991 3109 Cicerone
1013 3050 1192 3127 aemulatio,
1206 3058 1240 3112 et

236 3157 290 3233 qui
314 3159 479 3214 contentus
503 3159 550 3213 cst
572 3153 751 3230 eloquentia
774 3153 890 3213 saeculi
913 3155 1033 3214 nostri!
1075 3156 1239 3234 Respondi
1260 3175 1287 3220 12

234 3281 317 3321 nunc
337 3278 386 3319 me
408 3258 590 3335 intellegere
611 3258 747 3334 maligne
765 3259 892 3333 dictum,
909 3260 984 3336 quia
997 3260 1065 3337 ipse
1079 3261 1239 3322 confitere

235 3375 304 3443 tur,
345 3372 481 3427 ceterum
517 3364 656 3442 potuisse
691 3364 895 3424 honorificum
928 3366 1110 3426 existimari.
1158 3369 1238 3429 ‘Est

185 3494 214 3540 30
234 3473 334 3532 enim’
358 3472 485 3549 inquam
510 3475 518 3505 ‘
529 3470 608 3528 mihi
629 3488 699 3528 cum
720 3470 868 3529 Cicerone
891 3472 1066 3546 aemulati0,
1089 3491 1146 3532 nec
1167 3493 1236 3533 sum

234 3584 397 3639 contentus
419 3575 599 3652 eloquentia
619 3574 734 3634 saeculi
755 3576 864 3635 nostri.
907 3577 990 3636 Nam
1013 3577 1235 3638 stultissimum
1258 3595 1285 3640 13

234 3684 325 3744 credo
336 3683 377 3744 ad
390 3681 579 3741 imitandum
593 3699 656 3738 non
670 3680 788 3759 optima
799 3699 939 3760 quaeque
954 3701 1132 3760 proponere.
1174 3683 1236 3744 Sed
