2664 4170
183 269 224 334 36
611 280 641 332 c.
663 283 763 332 rurru

183 455 372 530 frequenter,
395 454 478 530 quod
498 454 577 513 iram
599 455 736 531 deorum,
758 476 836 533 quos
860 459 932 536 ipse
960 462 1081 521 cotidie
1102 464 1186 536 fallit,

182 560 215 617 in
240 566 333 635 caput
359 559 495 619 infelicis
525 561 613 636 pueri
637 561 820 622 detestatur.
875 565 1024 628 Velleius
1055 569 1211 642 Blaesus?

100 690 104 697 ·
182 665 237 722 ille
261 664 400 741 locuples
425 665 606 739 consularis,
628 667 800 727 novissima
824 669 1013 731 valetudine
1040 674 1188 733 conflicta-

182 772 289 829 batur:
312 770 457 846 cupiebat
472 776 591 829 mutare
611 777 841 849 testamentum.
885 775 1042 852 Regulus,
1059 780 1115 856 qui
1130 799 1187 856 spc-

146 890 161 932 5
183 882 264 934 rar-ct
286 875 405 952 aliquid
427 894 466 932 ex
488 876 576 934 novis
597 876 723 951 tabulis,
745 879 820 955 quia
843 899 945 957 nuper
968 889 1098 959 captare
1123 904 1186 943 eum

182 986 332 1057 coeperat,
349 980 484 1039 medicos
506 981 634 1056 hortari,
652 1001 760 1058 rogare
781 1002 906 1060 quoquo
926 988 1023 1045 modo
1043 990 1186 1065 spiritum

182 1085 301 1143 homini
323 1092 533 1161 prorogarent.
576 1087 747 1164 Postquam
770 1088 930 1163 signatum
952 1097 1213 1156 111111111111-1

182 1197 258 1264 tum,
287 1196 388 1248 mutat
423 1209 596 1267 personam,
625 1192 721 1250 vertit
755 1193 997 1270 adlocutionem,
1027 1197 1186 1276 isdemque

182 1297 311 1354 medicis
341 1302 517 1371 ‘quousque
545 1295 693 1355 miserum
721 1293 897 1357 cruciatis?
929 1300 1008 1376 quid
1037 1303 1186 1363 invidetis

134 1402 262 1463 lebona
290 1407 388 1458 morte
416 1400 466 1458 cui
493 1401 566 1459 dare
596 1401 693 1460 vitam
722 1421 784 1460 non
815 1404 996 1481 potestis?’
1053 1408 1186 1468 Moritur

184 1507 322 1580 Blaesus,
346 1512 377 1564 et
398 1512 557 1583 tamquam
580 1507 684 1566 omnia
706 1508 854 1583 audisset,
876 1511 1001 1585 Regulo
1025 1532 1064 1572 ne
1089 1520 1187 1574 tantu-

182 1613 247 1670 1111
276 1612 410 1688 quidem.
468 1611 631 1670 Sufficiunt
660 1614 738 1672 duae
766 1614 901 1690 fabulae,
931 1635 970 1675 an
1001 1619 1215 1684 scholasticae

183 1719 250 1792 lege
275 1711 404 1775 11111111
433 1718 561 1794 poscis?
605 1724 653 1777 est
680 1719 763 1778 unde
796 1719 859 1778 1111.
911 1720 1054 1797 Aurelia,
1080 1732 1225 1786 ornatam

183 1823 308 1895 11111111,
332 1822 492 1896 signatura
513 1829 736 1882 testamentum
760 1832 935 1902 sumpserat
957 1828 1186 1903 pulcherrimas

135 1928 312 1989 1511111111.
369 1927 508 2002 Regulus
533 1948 602 1987 oum
628 1929 767 1988 venisset
791 1931 831 1988 ad
856 1930 1056 2009 signandum,
1080 1937 1185 2010 ‘rogo'

183 2034 286 2110 inquit
302 2039 309 2068 ‘
319 2034 376 2092 has
394 2034 471 2091 mihi
494 2034 597 2109 leges)
640 2035 770 2094 Aurelia
788 2035 896 2095 ludere
917 2037 1081 2098 hominem
1103 2048 1225 2118 puta-11

183 2141 245 2213 bat,
258 2140 311 2197 ille
328 2140 407 2198 serio
423 2140 575 2199 instabat:
598 2160 636 2199 nc
652 2140 759 2214 multa,
771 2141 873 2216 coegit
887 2142 1054 2202 mulierem
1068 2146 1187 2223 aperire

183 2245 305 2304 tabulas
321 2264 354 2303 ac
370 2245 429 2303 sibi
450 2246 570 2304 tunicas
590 2265 667 2322 quas
685 2251 753 2304 erat
772 2246 884 2305 induta
901 2247 1022 2321 legare:
1046 2251 1186 2311 observa·

184 2351 231 2410 vit
252 2351 446 2424 scribentem,
464 2351 603 2427 inspexit
625 2370 664 2409 au
686 2351 870 2428 scripsisset.
913 2353 956 2411 Et
972 2353 1108 2415 Aurelia
1126 2357 1187 2433 qui-

135 2473 164 2518 20
184 2458 255 2515 dem
274 2456 363 2530 vivit,
383 2455 437 2513 ille
458 2462 562 2514 tamen
584 2456 669 2515 istud
690 2463 850 2534 tamquam
871 2457 1057 2518 morituram
1078 2462 1185 2537 coegit.

183 2565 226 2621 Et
251 2562 302 2620 hic
327 2562 525 2636 hereditates,
548 2562 599 2619 hic
623 2561 735 2635 legata,
761 2562 851 2638 quasi
874 2569 1040 2639 mereatur,
1064 2567 1185 2644 accipit.

184 2668 278 2728 Ἀλλὰ
292 2672 322 2729 τί
336 2668 498 2743 διατείνομαι
512 2667 546 2725 11
564 2686 600 2725 11
616 2667 753 2741 civitate,
768 2668 802 2724 iu
821 2687 883 2744 qua
902 2667 964 2727 iam
983 2669 1108 2745 pridem
1128 2691 1186 2730 nou
1205 2686 1227 2731 11

185 2774 306 2832 minora
330 2773 475 2851 praemia,
501 2773 596 2830 inimo
620 2773 745 2847 maiora,
771 2773 914 2850 nequitia
941 2779 973 2833 et
1001 2774 1187 2852 improbitas

186 2898 278 2955 quam
301 2880 400 2956 pudor
425 2885 456 2936 et
477 2879 577 2936 virtus
602 2878 745 2937 habent?
801 2878 917 2955 Aspice
942 2879 1112 2956 Regulum,
1135 2882 1188 2959 qui
1206 2896 1229 2941 13

136 3003 165 3047 25
186 3003 224 3042 ex
244 3003 378 3061 paupere
393 2989 424 3041 et
439 2983 526 3041 tenui
545 2983 585 3041 ad
604 2988 708 3041 tantas
727 3002 800 3059 opes
820 3003 875 3060 per
894 2983 1017 3058 flagitia
1036 2987 1188 3062 processit

186 3095 221 3148 ut
236 3089 302 3165 ipse
318 3088 395 3146 milri
411 3089 534 3162 dixerit,
549 3107 617 3146 curn
633 3088 809 3147 consuleret
824 3108 917 3165 quam
932 3089 994 3148 cito
1006 3093 1186 3151 sestertium

186 3195 353 3254 sescenties
382 3194 557 3270 inpleturus
586 3199 676 3266 esset,
703 3193 860 3253 invenisse
886 3213 918 3253 se
941 3200 1014 3253 exta
1039 3196 1187 3273 duplicia,

186 3300 298 3376 quibus
320 3299 464 3375 portendi
486 3298 587 3357 milies
609 3304 640 3357 et
663 3298 822 3357 ducenties
844 3298 1034 3359 habiturum.
1078 3302 1123 3362 Et
1139 3303 1189 3362 111
1208 3322 1231 3366 11

186 3405 281 3478 bebit,
304 3404 331 3463 si
355 3404 454 3477 modo,
480 3410 515 3462 ut
543 3403 653 3480 coepit,
679 3403 781 3462 aliena
808 3409 1005 3479 testamenta,
1033 3408 1118 3482 quod
1143 3413 1190 3467 est

136 3532 167 3577 30
186 3508 442 3587 inprobissimum
462 3527 558 3583 genus
578 3508 661 3582 falsi,
679 3508 757 3586 ipsis
773 3527 903 3584 quorum
925 3516 999 3568 suut
1018 3509 1075 3570 illa
1095 3512 1191 3573 dicta

187 3614 276 3673 verit.
319 3613 405 3673 Vale.
