2664 4170
469 278 732 329 nrrsrunanuu
755 279 817 329 vu.
838 280 880 330 27.
1135 271 1177 333 99

170 441 234 526 tus,
252 457 358 511 monet
378 458 414 511 ut
436 451 526 511 illum
547 452 648 512 locum
670 452 764 512 effodi
785 453 922 512 iubeant.
966 453 1177 512 Inveniuntur

171 574 244 617 ossa
257 557 377 617 inserta
390 557 508 618 catenis
520 563 552 618 et
562 557 716 636 inplicita,
728 577 807 636 quae
818 577 930 636 corpus
945 577 1021 619 aevo
1032 566 1176 636 terraque

171 662 386 740 putrefactum
407 663 491 722 nuda
512 669 544 723 et
564 682 659 724 exesa
678 663 848 741 reliquerat
868 663 1019 725 vinculis:
1046 664 1177 724 collecta

124 788 152 832 12
171 767 297 846 publice
318 767 521 846 sepeliuntur.
564 769 683 830 Domus
707 775 817 847 postea
840 769 900 830 rite
921 769 1056 830 conditis
1082 769 1177 829 mani-

171 875 230 934 bus
250 873 359 934 caruit.
401 875 444 933 Et
465 873 542 934 haec
563 874 691 952 quidem
707 874 945 935 adfirmantibus
964 875 1072 934 credo:
1095 875 1176 935 illud
1194 888 1209 932 s

171 978 338 1039 adfirmare
353 978 424 1039 aliis
438 998 574 1057 possum.
616 981 676 1040 Est
692 979 823 1040 libertus
841 979 928 1055 mihi,
944 999 1007 1040 non
1023 962 1176 1041 inlittera-

170 1090 232 1144 tus.
276 1085 355 1145 Cum
374 1084 432 1144 hoc
449 1084 550 1144 minor
570 1085 669 1145 frater
685 1085 793 1145 eodem
811 1085 892 1145 lecto
911 1085 1097 1163 quiescebat.
1141 1087 1174 1148 Is

172 1190 259 1250 visus
282 1196 330 1250 est
355 1189 416 1250 sibi
438 1208 563 1249 cernere
588 1190 744 1268 quendam
767 1191 802 1249 in
825 1196 894 1250 toro
914 1191 1101 1252 residentem
1124 1193 1175 1252 ad·

170 1302 411 1373 moventemque
439 1294 536 1373 capiti
564 1314 621 1355 suo
648 1295 765 1356 cultros
793 1302 888 1374 atque
916 1296 1011 1356 etiam
1039 1314 1077 1356 ex
1105 1297 1174 1376 ipso

169 1391 299 1460 vertice*
316 1406 531 1478 amputantem
558 1400 697 1478 capillos.
747 1401 812 1462 Ubi
838 1401 964 1476 inluxit,
997 1401 1064 1479 ipse
1092 1402 1175 1464 circa
1193 1421 1222 1467 10

119 1521 150 1566 13
170 1507 320 1565 verticem
339 1511 458 1581 tonsus,
480 1505 588 1582 capilli
609 1505 746 1566 iacentes
768 1507 973 1584 reperiuntur.
1015 1508 1173 1584 Exiguum

168 1611 321 1690 temporis
348 1611 495 1685 medium,
524 1616 557 1670 et
583 1630 690 1671 rursus
715 1610 819 1672 simile
846 1612 933 1672 aliud
957 1612 1054 1690 priori
1078 1612 1172 1673 fidem

168 1717 257 1776 fecit.
299 1718 382 1776 Puer
406 1716 440 1775 in
464 1716 655 1794 paedagogio
679 1716 797 1776 mixtus
818 1717 961 1795 pluribus
982 1718 1171 1778 dormiebat:

168 1829 324 1882 venerunt
344 1840 400 1900 per
420 1822 577 1881 fenestras
601 1820 660 1900 (ita
674 1824 795 1904 narrat)
818 1822 851 1880 in
872 1823 987 1883 tunicis
1009 1822 1089 1883 albis
1110 1823 1173 1883 duo

167 1930 397 2005 cubantemque
418 1927 637 2001 detonderunt,
659 1933 691 1986 et
712 1945 775 2004 qua
794 1933 945 1987 venerant
968 1934 1170 1988 recesserunt.
1192 1945 1221 1990 15

168 2035 265 2093 Hunc
293 2050 416 2110 quoque
443 2038 569 2092 tonsum
605 2050 791 2109 sparsosque
823 2032 904 2092 circa
938 2032 1069 2109 capillos
1104 2033 1172 2094 dies

120 2153 148 2198 14
168 2138 316 2200 ostendit.
369 2137 460 2196 Nihil
482 2137 620 2196 notabile
642 2142 793 2211 secutum,
815 2136 877 2196 nisi
897 2137 980 2197 forte
1001 2138 1085 2215 quod
1109 2157 1172 2197 non

167 2245 218 2304 fui
233 2263 312 2318 reus,
328 2244 465 2317 futurus,
481 2243 508 2302 si
523 2242 732 2316 Domitianus,
745 2242 802 2302 sub
817 2261 878 2319 quo
892 2241 968 2302 haec
983 2242 1170 2318 acciderunt,

168 2350 289 2410 diutius
309 2349 450 2410 vixisset.
493 2349 576 2407 Nam
598 2348 632 2406 in
653 2347 768 2406 scrinio
789 2347 856 2407 eins
877 2348 969 2407 datus
991 2367 1010 2408 a
1030 2349 1109 2409 Caro
1133 2349 1172 2409 de

167 2475 218 2515 me
235 2455 363 2515 libellus
385 2454 532 2513 inventus
550 2458 614 2527 est3
640 2471 678 2511 ex
700 2472 761 2530 quo
782 2453 948 2512 coniectari
971 2459 1082 2530 potest,
1098 2453 1173 2531 quia
1191 2471 1220 2518 20

168 2561 230 2621 reis
245 2560 340 2620 moris
355 2566 403 2619 est
418 2559 612 2618 summittere
626 2557 784 2635 capillum,
797 2557 912 2617 recisos
926 2577 1065 2617 meorum
1079 2559 1173 2636 capil-

168 2668 216 2727 los
245 2665 368 2743 depulsi
403 2664 486 2741 quod
520 2663 704 2722 imminebat
738 2662 870 2740 periculi
905 2663 1028 2737 signum
1062 2663 1169 2724 fuisse.

120 2791 147 2836 15
168 2771 305 2832 Proinde
333 2788 407 2846 rogo
435 2768 643 2827 eruditionem
669 2774 756 2828 tuam
787 2768 938 2828 intendas.
992 2767 1096 2844 Digna
1122 2787 1171 2829 res

168 2883 218 2938 est
245 2895 339 2954 quam
366 2875 422 2934 diu
450 2874 646 2951 multumque
674 2873 867 2934 consideres:
900 2891 939 2932 ne
964 2891 1020 2949 ego
1045 2873 1171 2950 quidem

120 3000 148 3044 16
168 2982 318 3058 indignus
342 2981 395 3040 cui
410 2980 530 3057 copiam
552 2979 701 3040 scientiae
722 2984 795 3038 tuae
816 2978 922 3038 facias.
966 2979 1055 3038 Licet
1076 2978 1170 3038 ctiam
1190 3002 1219 3047 at

167 3094 334 3164 utramque
355 3085 389 3144 in
409 3090 540 3163 partem,
554 3090 591 3144 ut
612 3085 702 3159 soles,
719 3084 872 3160 disputes,
888 3102 927 3142 ex
948 3083 1046 3143 altera
1066 3088 1171 3143 tamen

168 3193 293 3266 fortius,
318 3208 358 3249 ne
386 3208 436 3248 me
464 3208 649 3267 suspensum
677 3189 892 3266 incertumque
921 3188 1072 3263 dimittas,
1101 3208 1171 3248 cum

167 3298 247 3358 mihi
276 3293 459 3357 consulendi
488 3312 581 3353 causa
614 3294 712 3353 fuerit
740 3299 776 3353 ut
809 3293 953 3354 dubitare
987 3294 1169 3354 desinerem.

167 3404 254 3466 Vale.
