2664 4170
190 248 231 312 82
615 259 645 309 c.
669 259 769 309 mnu

189 437 326 507 vagetur.
369 431 414 490 At
428 432 481 490 ille
493 433 696 492 mandaverat
707 439 894 512 caveratque
904 441 941 494 ut
952 435 1099 503 divinum
1113 435 1186 495 illud
1201 444 1212 488 4

188 544 220 596 et
235 537 411 596 immortale
426 538 545 596 factum
561 538 702 598 versibus
716 539 955 599 inscriberetur:

268 659 331 718 Hic
346 660 424 719 situs
440 666 489 719 est
503 661 616 736 Rufus,
633 660 723 738 pulso
738 662 792 738 qui
807 662 941 723 Vindice
955 664 1115 742 quondam

344 765 509 842 imperium
525 765 665 825 adseruit
679 785 741 825 non
757 767 817 826 sibi
832 768 887 827 sed
901 769 1033 845 patriae.

153 905 168 949 5
188 888 265 945 Tam
280 906 350 945 rara
364 887 397 944 in
411 886 559 946 amicitiis
574 887 661 963 fides,
674 893 739 948 tam
751 895 860 965 parata
870 889 988 949 oblivio
999 897 1185 951 mortuorum
1199 895 1210 938 ⁵

187 997 223 1051 ut
237 992 299 1069 ipsi
314 992 404 1051 nobis
418 993 585 1052 debeamus
601 993 695 1053 etiam
710 993 885 1053 conditoria
899 1001 1063 1055 exstruere
1080 996 1186 1056 omnia

188 1116 248 1173 que
269 1097 419 1155 heredum
440 1096 541 1156 officia
564 1117 771 1174 praesumere.
813 1099 897 1159 Nam
919 1101 970 1158 cui
991 1120 1056 1161 non
1077 1107 1125 1162 est
1144 1112 1210 1160 veo

187 1203 319 1261 rendum
334 1203 417 1279 quod
430 1203 569 1262 videmus
585 1203 735 1264 accidisse
746 1204 921 1280 Verginio?
943 1205 1034 1266 cuius
1046 1206 1186 1266 iniuriam

187 1312 223 1365 ut
243 1307 454 1382 indigniorem
478 1307 522 1366 sio
543 1308 639 1367 etiam
660 1309 812 1368 notiorem
833 1309 933 1387 ipsius
955 1309 1087 1373 claritas
1105 1311 1184 1371 facit.

140 1421 169 1465 10
187 1412 274 1472 Vale.

597 1564 649 1624 oe.
679 1562 777 1643 (xv.)

430 1737 459 1789 C.
482 1738 626 1788 PLINIUS
650 1737 804 1789 ROMANO
829 1738 895 1789 SUO
920 1739 947 1792 S.

419 1903 496 1952 Rode
515 1904 645 1952 wicticism
664 1903 695 1965 os
708 1917 725 1952 a
737 1903 849 1965 famous
861 1904 952 1965 100101.

228 2064 382 2124 Mirificae
397 2065 441 2123 rei
460 2084 522 2123 non
544 2065 737 2124 interfuisti:
759 2085 799 2124 ne
820 2084 876 2140 ego
898 2066 1043 2143 quidem;
1067 2069 1122 2128 sed
1142 2080 1211 2126 me1

187 2189 294 2229 recens
322 2170 430 2229 fabula
457 2170 588 2246 excepit.
631 2171 809 2230 Passennus
837 2170 978 2246 Paullus,
1005 2173 1184 2250 splendidus

187 2294 281 2351 eques
310 2275 468 2335 Romanus
498 2281 529 2334 et
557 2276 590 2332 in
618 2276 727 2351 primis
756 2277 907 2351 eruditus,
937 2277 1049 2337 scribit
1077 2278 1183 2354 elegos.

188 2381 392 2440 Gentilicium
413 2380 472 2438 hoc
487 2379 557 2465 illi:¹
574 2385 622 2438 est
642 2381 725 2438 enim
746 2381 906 2457 municeps
927 2382 1076 2458 Properti
1097 2390 1185 2460 atque

140 2496 167 2540 15
187 2486 281 2545 etiam
298 2487 380 2545 inter
401 2486 533 2544 maiores
555 2505 625 2545 suos
647 2486 847 2562 Propertium
867 2493 1020 2546 numerat.
1065 2490 1099 2549 Is
1120 2503 1211 2547 cuma

187 2592 341 2665 recitaret,
357 2591 403 2650 ita
420 2591 523 2668 coepit
544 2591 647 2649 dicere
663 2591 796 2665 ‘Prisca
812 2591 919 2652 iubes'
961 2591 1015 2652 Ad
1028 2593 1088 2653 hoo
1103 2595 1185 2653 Iavo-

186 2696 275 2755 lenus
293 2696 419 2755 Priscus
435 2695 555 2773 (aderat
576 2696 667 2769 enirn,
684 2701 720 2754 ut
741 2696 853 2755 Paullo
874 2697 1098 2779 amicissimus)
1116 2705 1184 2773 ‘ego

186 2821 258 2860 vero
287 2821 349 2859 non
377 2801 487 2860 iubeo!
530 2801 641 2876 Cogita
662 2800 716 2876 qui
738 2802 819 2860 risus
841 2801 1012 2878 hominurn,
1034 2805 1090 2882 qui
1118 2804 1182 2863 ioci.

186 2908 244 2967 Est
261 2910 386 2967 omnino
404 2909 530 2967 Priscus
549 2909 660 2967 dubiae
678 2908 833 2982 sanitatis,
849 2907 980 2967 interest
997 2913 1106 2968 tamen
1127 2909 1185 2969 offi·
1201 2919 1213 2962 3

137 3015 252 3088 200110,
282 3015 448 3074 adhibetur
476 3014 615 3073 consiliis
644 3021 738 3090 atque
760 3013 855 3071 etiam
876 3013 925 3073 ius
947 3013 1040 3074 civile
1062 3015 1185 3092 publice

185 3121 369 3197 respondet:
400 3139 460 3196 quo
482 3119 580 3194 magis
602 3119 685 3195 quod
712 3124 787 3177 tunc
811 3118 888 3176 iecit
910 3123 941 3176 et
963 3119 1133 3181 ridiculum
1154 3126 1185 3179 et

184 3225 322 3284 notabile
337 3225 408 3284 fuit.
439 3224 572 3282 Interim
587 3223 699 3282 Paullo
714 3222 816 3281 aliena
831 3223 975 3283 deliratio
986 3223 1185 3301 aliquantum
1202 3241 1215 3284 4

184 3329 311 3404 frigoris
340 3329 461 3389 attulit.
500 3331 577 3388 Tam
602 3327 735 3387 sollicite
757 3328 934 3387 recitaturis
954 3329 1186 3404 providendum

184 3440 315 3494 estnon
337 3435 436 3494 solum
457 3439 494 3492 ut
515 3434 579 3493 sint
601 3433 662 3510 ipsi
684 3433 751 3492 sani
773 3451 880 3490 verum
905 3433 1001 3492 etiam
1028 3440 1066 3494 ut
1094 3455 1186 3498 sanos

135 3545 164 3590 25
184 3539 362 3599 adhibeant.
404 3539 491 3600 Vale.
