2664 4170
605 251 635 303 C.
658 251 757 302 PLINI

541 527 616 589 106.
645 523 821 606 (numu.)

358 696 388 746 C.
412 695 556 745 PLINIUS
578 695 745 745 TRAIANO
769 694 1013 746 IMPERATORI.

259 851 441 904 Callidromus
453 855 477 903 to
488 860 545 904 sent
557 861 583 904 to
596 855 641 905 tell
653 854 695 904 tis
707 854 864 904 adventures
876 859 902 904 to
914 853 958 903 tte
971 853 1124 916 Emperor.

223 1008 409 1086 Appuleius,
425 1009 558 1085 domine,
574 1009 674 1085 miles,
689 1010 744 1087 qui
766 1015 814 1070 cst
834 1009 869 1068 in
889 1008 1027 1069 statione
1047 1011 1205 1071 Nicome-
1225 1029 1239 1074 1

184 1114 282 1188 densi,
300 1115 425 1192 scripsit
446 1114 525 1174 mihi
541 1117 697 1192 quendam
716 1115 842 1174 nomine
860 1114 1103 1191 Callidromum,
1125 1136 1203 1176 cum

183 1219 377 1278 detineretur
409 1238 427 1279 a
455 1220 594 1279 Maximo
625 1226 657 1280 et
685 1220 839 1299 Dionysio
866 1219 1049 1297 pistoribus,
1078 1221 1202 1297 quibus

184 1343 292 1402 operas
315 1343 386 1385 suas
411 1326 576 1401 locaverat,
594 1325 772 1401 confugisse
796 1326 837 1384 ad
857 1330 944 1384 tuam
961 1330 1107 1384 staulam
1129 1346 1202 1404 per·

148 1444 163 1488 o
184 1431 374 1507 ductumque
395 1432 435 1490 ad
456 1431 659 1506 magistratus
680 1431 836 1490 indicasse
858 1430 992 1491 servisse
1017 1430 1202 1508 aliquando

184 1535 315 1595 Laberio
340 1536 479 1595 Maximo
504 1541 691 1613 captumque
716 1555 735 1596 a
759 1537 878 1612 Susago
901 1535 935 1593 in
962 1536 1089 1595 Moesia
1118 1542 1153 1595 et
1180 1557 1201 1597 a

183 1640 337 1700 Decebalo
362 1641 484 1700 muneri
505 1641 637 1700 missum
663 1642 791 1716 Pacoro,
814 1640 962 1701 Parthiae
991 1640 1068 1716 regi,
1096 1640 1200 1718 pluri-

183 1747 302 1822 busque
327 1746 417 1805 annis
442 1746 476 1804 in
501 1746 674 1805 ministerio
699 1745 766 1806 eius
790 1745 899 1820 fuisse,
925 1744 1037 1804 deinde
1067 1746 1198 1822 fugisse

184 1855 277 1926 atque
304 1849 349 1908 ita
372 1850 406 1907 in
434 1850 650 1909 Nicomediam
679 1849 866 1927 pervenisse.
910 1849 1009 1919 Quem
1037 1867 1097 1925 ego
1126 1866 1236 1927 per-2

135 1971 164 2015 io
183 1954 311 2012 ductum
335 1954 453 2029 adme,
476 1973 546 2012 cum
566 1955 674 2013 eadem
695 1958 861 2027 narrasset,
883 1953 1073 2013 mittendum
1097 1955 1139 2013 ad
1162 1961 1198 2015 te

184 2059 307 2135 putavi3
334 2059 416 2136 quod
437 2059 531 2135 paulo
552 2059 673 2118 tardius
695 2057 767 2133 feci,
783 2058 856 2117 dum
878 2057 1001 2134 requiro
1023 2075 1197 2134 gemmam,

183 2182 277 2242 quam
299 2164 359 2223 sibi
381 2164 547 2223 habentem
564 2163 732 2238 imaginem
749 2162 860 2222 Pacori
879 2168 911 2222 et
927 2161 1040 2239 quibus
1058 2169 1198 2225 ornatus

184 2269 298 2328 fuisset
314 2270 504 2329 subtractam
520 2268 686 2328 indicabat.
728 2267 824 2328 Volui
845 2267 927 2326 enim
950 2267 1031 2326 hanc
1052 2286 1195 2346 quoque,
1219 2290 1235 2334 3

184 2373 211 2433 si
232 2374 369 2433 inveniri
386 2375 550 2452 potuisset,
566 2373 659 2434 simul
680 2373 814 2448 mittere,
833 2373 915 2432 sicut
935 2372 1094 2450 glebulam
1117 2374 1197 2435 misi

135 2498 162 2541 15
184 2498 277 2556 quam
293 2499 325 2540 se
344 2498 384 2538 ex
403 2479 552 2539 Parthico
571 2478 699 2538 metallo
720 2477 864 2538 attulisse
882 2477 1012 2537 dicebat.
1057 2477 1197 2554 Signata

184 2590 232 2644 est
246 2586 339 2646 anulo
353 2603 431 2660 meo,
447 2585 534 2644 cuius
550 2590 598 2645 est
613 2583 869 2662 aposphragisma
884 2582 1043 2660 quadriga

510 2900 584 2961 107.
613 2897 860 2977 (cxxxviii.)

364 3069 394 3121 C.
416 3067 560 3119 PLINIUS
584 3066 749 3116 TRAIANO
774 3065 1011 3116 IMPERATORI.

496 3224 627 3285 Birthduy
638 3224 875 3286 congratulatione.

225 3383 317 3461 Opto,
353 3382 485 3454 domine,
515 3386 547 3439 et
574 3379 657 3438 hunc
685 3379 823 3437 natalem
854 3383 885 3437 et
920 3377 1072 3455 plurimos
1108 3379 1227 3440 aliosl

186 3509 279 3566 quam
300 3488 500 3547 felicissimos
522 3504 596 3560 agas
619 3490 805 3560 aeternaque
827 3484 918 3543 laude
943 3483 1106 3542 florentem
1130 3485 1192 3544 vir-

185 3595 274 3670 tutis
292 3599 363 3652 tuae
389 3592 519 3667 gloriam
547 3589 712 3649 incolumis
741 3594 772 3648 et
800 3589 892 3648 fortis
917 3589 988 3648 aliis
1010 3607 1103 3665 super
1126 3590 1192 3650 alia

136 3711 165 3755 ao
186 3697 331 3775 operibus
353 3715 473 3772 augeas.
