2664 4170
617 252 647 304 C.
667 252 767 301 PLINI

596 459 649 520 ss.
678 458 784 539 (xri.)

165 628 191 695 [p
353 617 385 668 C.
409 618 552 667 PLINIUS
575 617 723 668 CATILIO
746 617 890 669 SEVERO
913 618 982 670 SUO
1006 619 1035 672 S.

414 763 495 824 Pliny
507 769 609 824 accepta
621 777 658 812 on
670 764 816 813 invitation
828 769 855 813 to
867 764 971 813 diener.

230 906 362 965 Veniam
378 906 418 965 ad
432 925 549 979 cenam,
566 906 620 965 sed
635 905 698 964 iarn
716 924 799 965 nunc
816 906 955 983 paciscor
975 906 1018 965 sit
1038 909 1198 985 expedita,
1218 928 1228 972 1

191 1012 233 1071 sit
254 1030 355 1088 parca,
375 1010 540 1070 Socraticis
562 1017 686 1069 tantuin
705 1011 898 1071 sermonibus
919 1011 1071 1084 abundet,
1092 1013 1127 1071 in
1148 1014 1198 1073 his

191 1135 313 1193 quoqne
328 1122 434 1175 teneat
448 1116 582 1174 modurn.
625 1117 727 1175 Erunt
741 1115 841 1175 officia
856 1115 1052 1191 antelucana,
1068 1118 1103 1176 in
1118 1137 1197 1195 quae
1214 1133 1227 1177 2

191 1223 327 1282 incidere
351 1223 468 1299 inpune
492 1240 532 1279 ne
557 1221 668 1281 Catoni
693 1222 821 1298 quidem
846 1221 944 1296 licuit,
970 1241 1066 1298 quem
1090 1229 1196 1283 tamen

155 1344 169 1386 5
191 1329 223 1388 C.
240 1329 354 1388 Caesar
369 1327 415 1386 ita
429 1326 629 1403 reprehendit
648 1332 684 1385 ut
703 1326 818 1385 laudet.
861 1326 1020 1386 Describit
1039 1328 1124 1387 enirn
1145 1347 1194 1389 eos
1212 1342 1225 1387 3

191 1433 303 1510 quibus
328 1433 438 1491 obvius
465 1432 564 1490 fuerit
588 1450 658 1490 cinn
683 1438 777 1509 caput
801 1431 880 1491 ebrii
904 1431 1105 1509 retexissent,
1132 1453 1195 1493 eru-

191 1539 311 1598 buisse:
334 1538 447 1596 deinde
462 1536 558 1596 adicit
573 1541 716 1613 ‘putares
736 1555 799 1595 non
818 1535 942 1596 abillis
961 1537 1124 1612 Catonem,
1140 1540 1193 1599 sed

191 1644 261 1703 illos
283 1662 302 1702 a
323 1644 439 1703 Catone
461 1641 688 1719 deprehensos!
730 1641 879 1701 Potuitne
900 1641 972 1718 plus
993 1644 1192 1704 auctoritatis

190 1748 287 1808 tribui
302 1747 413 1808 Catoni
428 1766 520 1824 quam
533 1748 559 1807 si
571 1747 675 1806 ebrius
691 1765 813 1824 qnoque
824 1752 890 1806 tani
902 1747 1091 1809 venerabilis
1103 1752 1191 1809 erat?

142 1871 170 1914 10
189 1856 324 1913 Nostrae
338 1859 443 1912 tamen
458 1870 550 1911 cenae
567 1858 604 1911 ut
620 1857 789 1929 apparatus
807 1857 839 1910 et
856 1851 997 1929 inpendii
1014 1852 1061 1912 sic
1078 1860 1193 1933 tempo
1208 1871 1221 1916 4

190 1959 233 2018 ris
249 1959 359 2019 modus
373 1963 502 2017 constet.
538 1959 649 2034 Neque
664 1957 746 2016 enirn
761 1957 790 2015 ei
805 1977 911 2017 sumus
923 1977 1001 2034 quos
1012 1958 1191 2037 vituperare

189 2083 228 2123 ne
242 2063 362 2122 inimici
377 2063 503 2140 quidem
519 2063 640 2140 possint
655 2062 716 2122 nisi
729 2068 766 2121 ut
780 2061 873 2121 simul
887 2062 1026 2122 laudent.
1069 2064 1157 2125 Vale.

236 2370 242 2377 ,
585 2308 638 2368 se.
667 2305 790 2385 (XIII.)

197 2396 216 2429 *⁴
336 2467 366 2518 C.
392 2466 536 2515 PLINIUS
560 2464 719 2516 VOCONIO
743 2465 898 2514 ROMANO
921 2465 990 2516 SUO
1013 2466 1040 2518 S.

334 2610 389 2661 Tite
403 2612 551 2673 ,Pannonio
563 2612 587 2658 is
598 2617 656 2659 sont
667 2616 693 2659 io
707 2610 842 2659 Voconius
848 2611 898 2673 sor
908 2612 1044 2661 criticiam.

228 2756 358 2815 Librum
377 2774 438 2830 quo
457 2772 556 2830 nuper
574 2752 692 2829 optirno
713 2752 849 2829 principi
870 2753 977 2813 consul
1000 2755 1119 2829 gratias
1141 2757 1221 2831 egil

188 2861 259 2921 nrisi
279 2859 416 2934 exigenti
437 2858 681 2932 tibi,1nissurns,
702 2857 762 2916 etsi
781 2876 843 2915 non
862 2858 1028 2934 exegisses.
1071 2858 1114 2919 In
1132 2861 1223 2921 hoca

139 2983 167 3027 15
187 2966 364 3025 consideres
378 2964 473 3022 veliin
490 2968 526 3021 nt
545 2962 811 3039 pulchritudinem
830 2962 978 3022 materiae
996 2962 1043 3023 ita
1061 2964 1191 3025 difficul-

188 3077 292 3131 tatem.
335 3070 375 3127 In
396 3071 505 3128 ceteris
527 3068 610 3126 enirn
631 3067 777 3126 lectorem
798 3067 921 3127 novitas
942 3067 1012 3145 ipsa
1030 3068 1189 3131 intentum

187 3177 291 3250 habet,
311 3176 344 3233 in
359 3175 417 3233 hac
438 3179 512 3233 nota
530 3173 658 3247 vulgata
678 3172 855 3232 dictasunt
874 3173 994 3247 omuia;
1017 3192 1080 3249 quo
1097 3174 1136 3235 fit
1154 3182 1191 3235 ut

188 3282 278 3359 quasi
299 3281 417 3340 otiosus
437 3297 624 3354 securusque
646 3278 743 3336 lector
764 3283 887 3336 tanturn
903 3278 1072 3337 elocutioni
1089 3286 1189 3356 vacet,

187 3388 219 3446 in
245 3405 307 3464 qua
332 3385 512 3445 satisfacere
538 3383 696 3443 difficilius
721 3388 778 3457 est,
801 3401 871 3442 cum
900 3383 966 3443 sola
992 3384 1188 3446 aestimatur.

137 3511 166 3556 20
187 3493 293 3569 Atque
312 3490 434 3550 utinam
453 3490 528 3548 ordo
547 3489 658 3548 saltent
680 3495 711 3547 et
731 3487 884 3547 transitus
906 3494 938 3548 et
956 3488 1074 3564 figurae
1093 3490 1189 3551 simul
1209 3500 1224 3545 3

187 3596 417 3674 spectarentur!
459 3595 541 3653 Nam
557 3594 697 3652 invenire
712 3593 877 3670 praeclare,
893 3594 1056 3653 enuntiare
1071 3597 1189 3672 magni·

186 3702 243 3765 fiae
263 3700 421 3764 interdurn
441 3699 535 3758 etiarn
556 3698 679 3761 barbari
701 3697 812 3775 solent,
831 3698 995 3779 disponere
1015 3704 1096 3781 apte,
1111 3699 1189 3781 fign-
