2664 4170
494 260 757 312 nmsouusuuu
781 263 814 312 u.
836 262 875 314 ic.
1143 250 1184 320 ta

179 452 239 510 ego
253 433 309 512 qui
323 433 371 492 vir
385 439 418 493 et
432 440 568 511 quantus
583 440 667 495 esset
681 434 833 495 altissime
848 435 982 514 inspexi,
994 455 1065 497 curn
1079 456 1185 516 seque

179 557 230 598 rer
257 544 294 598 ut
321 539 515 615 magistrum,
536 545 572 599 ut
600 545 762 617 parentem
783 559 915 617 vererer,
931 542 1014 619 quod
1034 528 1184 604 non'tam

139 658 157 704 o
179 644 294 706 aetatis
309 645 491 705 maturitate
507 664 600 723 quarn
618 645 703 706 vitae
721 647 906 707 merebatur.
949 647 1011 709 His
1026 667 1065 708 ex
1079 651 1183 711 causis

179 756 215 810 ut
230 750 280 809 illi
295 750 339 811 sic
350 750 429 810 mihi
441 751 588 827 gratulor,
601 769 658 811 nec
669 751 818 829 privatim
829 753 929 829 magis
941 772 1034 832 quarn
1049 755 1181 832 publice,

178 856 264 933 quod
283 856 411 915 tandem
433 855 575 916 homines
597 875 658 916 non
676 857 717 916 ad
740 857 887 934 pericula,
902 863 939 918 ut
961 858 1057 936 prius,
1073 878 1179 920 verum
1201 873 1216 918 s

140 973 156 1020 ⁷
178 961 220 1021 ad
240 961 373 1021 honores
391 961 509 1022 virtute
530 962 726 1040 perveniunt.
770 963 811 1021 In
831 962 991 1023 infinitum
1013 965 1180 1042 epistulam

178 1067 357 1141 extendam,
373 1067 399 1127 si
422 1067 535 1143 gaudio
556 1086 625 1127 meo
645 1067 835 1144 indulgeam.
854 1069 1063 1136 &Praevertor
1084 1071 1124 1130 ad
1145 1090 1182 1132 ea

139 1183 156 1228 8
178 1191 259 1249 quae
277 1191 326 1232 me
348 1177 492 1248 agentem
512 1172 564 1232 hic
585 1172 715 1233 nuntius
737 1173 951 1250 deprehendit.
994 1175 1089 1234 Eram
1110 1195 1180 1236 cum

141 1278 343 1356 &prosocero
356 1297 434 1352 meo,
450 1296 534 1337 eram
550 1296 620 1337 curn
627 1277 731 1341 amita
744 1278 861 1352 uxoris,
877 1296 961 1339 eram
983 1298 1053 1339 oum
1072 1281 1180 1341 amicis

177 1382 233 1442 diu
260 1378 456 1458 desideratis,
478 1382 680 1442 circumibam
707 1383 834 1459 agellos,
856 1383 1020 1444 audiebam
1046 1385 1180 1446 multum
1202 1401 1230 1446 10

177 1488 366 1549 rusticarum
381 1488 599 1566 querellarum,
615 1488 752 1548 rationes
767 1488 908 1565 legebam
923 1489 1041 1550 invitus
1063 1496 1095 1550 et
1116 1510 1200 1557 cur-r

177 1594 239 1654 sim
254 1593 338 1672 (aliis
353 1593 437 1653 enim
451 1593 577 1668 chartis,
593 1593 664 1654 aliis
680 1613 749 1654 sum
763 1593 880 1654 litteris
895 1594 1063 1677 initiatus),
1076 1614 1181 1674 coepe·

137 1713 154 1758 9
176 1717 245 1758 ram
256 1699 350 1758 etiam
362 1698 469 1758 itineri
480 1718 529 1758 me
542 1717 734 1776 praeparare.
777 1699 861 1758 Nam
872 1699 1014 1760 includor
1025 1702 1179 1777 angustiis

176 1809 377 1878 commeatus,
393 1823 489 1881 eoque
501 1804 571 1881 ipso
582 1804 666 1882 quod
677 1805 852 1880 delegatum
866 1805 1004 1865 Cornuto
1015 1805 1108 1865 audio
1119 1805 1181 1866 offi-

175 1910 260 1970 cium
275 1910 337 1969 mei
351 1910 525 1969 admoneor.
569 1910 668 1988 Cupio
681 1916 713 1970 te
728 1929 850 1988 quoque
871 1911 929 1972 sub
950 1910 1034 1969 idem
1054 1917 1179 1990 tempus
1201 1929 1229 1974 15

175 2015 350 2092 Campania
370 2021 426 2075 tua
446 2015 596 2090 remittat,
616 2034 655 2074 ne
676 2015 757 2093 quis,
773 2035 841 2075 cum
864 2016 898 2074 in
919 2015 1027 2076 urbem
1048 2016 1178 2093 rediero,

173 2120 380 2182 contubernio
394 2126 502 2181 nostro
516 2121 583 2181 dies
598 2126 713 2199 pereat.
757 2121 849 2204 Vale.=

581 2363 634 2424 eo.
661 2360 777 2441 (xvi.)

374 2532 403 2582 C.
426 2530 573 2582 PLINIUS
596 2529 835 2580 MARCELLINO
860 2530 927 2581 SUO
951 2532 977 2582 S.

366 2693 422 2746 Sed
433 2694 511 2744 death
524 2694 556 2756 of
563 2691 740 2743 Fundaaas's
754 2705 843 2753 coucy
855 2691 994 2754 conpater.

137 2865 152 2909 1
216 2853 430 2914 Tristissimus
451 2853 528 2913 haec
544 2852 604 2912 tibi
626 2851 735 2925 scribo,
751 2850 897 2909 Fundani
918 2850 1018 2911 nostri
1039 2849 1106 2911 filia
1126 2852 1180 2911 mi·

173 2979 251 3020 nore
269 2960 427 3034 defuncta,
443 2977 506 3035 qua
526 2956 632 3035 puella
653 2955 734 3015 nihil
757 2974 904 3032 umquam
926 2955 1083 3030 festivius,
1099 2975 1179 3016 ama

175 3065 281 3140 bilius,
301 3083 358 3124 nec
380 3064 472 3123 modo
493 3062 631 3139 longiore
655 3060 722 3120 vita
745 3060 799 3120 sed
824 3078 920 3136 prope
944 3059 1228 3126 immortalitatem

136 3182 154 3227 a
176 3170 303 3247 dignius
317 3170 392 3229 vidi.
434 3168 583 3228 Nondum
599 3184 697 3226 annos
712 3164 961 3242 quattuordecim
983 3165 1177 3241 impleverat,

175 3281 208 3336 et
229 3275 292 3335 iam
313 3274 362 3333 illi
383 3273 477 3335 anilis
498 3270 674 3350 prudentia,
690 3269 874 3329 matronalis
896 3270 1033 3345 gravitas
1055 3277 1130 3345 erat,
1147 3276 1179 3330 et

138 3392 154 3438 3
175 3387 282 3441 tamen
297 3379 436 3440 suavitas
458 3376 609 3456 puellaris
631 3394 702 3435 cum
722 3374 870 3451 virginali
892 3374 1088 3434 verecundia.
1133 3378 1179 3436 Ut

176 3486 234 3546 illa
248 3485 348 3563 patris
362 3484 534 3544 cervicibus
550 3480 749 3541 inhaerebat!
771 3486 807 3538 ut
821 3498 876 3539 nos
895 3474 1009 3540 amicos
1031 3485 1178 3556 paternos

176 3597 208 3651 et
229 3595 370 3651 amanter
391 3595 422 3649 et
443 3588 581 3648 modeste
603 3585 882 3663 complectebatur!
910 3589 947 3642 ut
974 3584 1121 3660 nutrices,
1143 3591 1179 3645 ut
1199 3608 1228 3652 25

177 3696 381 3775 paedagogos,
396 3700 432 3755 ut
446 3698 662 3773 praeceptores
677 3709 734 3769 pro
749 3709 804 3749 suo
821 3706 976 3766 quemque
996 3687 1096 3748 officio
1111 3688 1179 3749 dili·
