2664 4170
467 254 730 305 nrusrunsaun
753 255 804 304 111.
823 255 849 306 1.
1115 245 1157 308 41

154 447 205 487 me
230 433 405 504 correptum
434 428 532 486 abeo
559 446 613 486 our
638 427 844 486 ambularem:
875 428 1033 504 ‘poteras'
1054 428 1158 507 inquit

156 534 231 593 ‘has
246 533 339 593 horas
353 552 416 592 11011
430 533 595 610 perdere'3
617 551 689 592 nam
704 533 805 610 perire
826 553 916 592 omne
936 540 1058 611 tempus
1080 522 1166 594 arbi?

104 652 134 696 11
155 639 299 699 trabatur
313 639 397 715 quod
411 638 524 698 studiis
538 657 601 697 non
615 638 854 715 impenderetur.
898 639 968 697 Hac
983 639 1157 698 intentione

155 750 204 803 tot
219 744 282 804 ista
295 743 455 803 volumina
464 743 587 820 peregit
597 743 828 820 electorumque
839 744 1075 804 commentarios
1090 763 1158 803 cen-

155 856 223 909 tum
245 849 408 924 sexaginta
430 848 508 907 mihi
536 848 672 925 reliquit,
694 847 956 926 opisthographos
977 849 1104 926 quidem
1125 855 1157 909 et
1176 862 1191 906 5

156 954 366 1014 minutissime
391 953 540 1032 scriptos3
562 972 625 1032 qua
643 953 763 1013 ratione
782 954 1011 1031 multiplicatur
1032 953 1083 1013 hic
1104 975 1157 1013 nu-

156 1078 268 1119 merus.
311 1059 482 1118 Referebat
502 1059 570 1136 ipse
591 1060 730 1136 potuisse
756 1079 797 1134 se,
819 1077 889 1118 cum
916 1065 1096 1137 procuraret
1123 1060 1156 1119 in

156 1164 322 1241 Hispania,
338 1164 472 1224 vendere
493 1164 550 1224 hos
567 1164 804 1224 commentarios
826 1164 940 1240 Largio
961 1165 1070 1231 Licino
1085 1185 1157 1243 qua

156 1270 332 1344 dringentis
347 1269 474 1330 milibus
487 1289 659 1345 nummum,
674 1275 706 1329 et
726 1275 801 1329 tunc
820 1269 981 1348 aliquanto
995 1271 1156 1348 pauciores

106 1385 136 1430 18
157 1381 254 1434 erant.
296 1377 409 1435 Nonne
430 1375 556 1435 videtur
575 1376 635 1436 tibi
656 1376 831 1435 recordanti
855 1382 1006 1453 quantum
1035 1376 1155 1454 legerit,
1178 1391 1206 1436 10

157 1487 309 1559 quantum
331 1481 500 1558 scripserit,
522 1500 578 1540 nec
606 1481 639 1539 111
661 1480 769 1540 officiis
790 1480 865 1541 ullis
887 1499 943 1540 nec
965 1482 997 1540 in
1019 1481 1157 1541 amicitia

157 1586 309 1663 principis
332 1585 441 1661 fuisse,
462 1605 578 1661 rursuS,
601 1605 671 1645 cum
693 1585 784 1645 audis
808 1586 886 1663 quid
907 1587 1019 1646 studiis
1041 1586 1156 1647 laboris

156 1691 345 1768 inpenderit,
370 1709 427 1750 nec
452 1691 613 1768 scripsisse
637 1691 713 1751 satis
738 1710 794 1750 nec
823 1691 961 1767 legisse?
1003 1692 1085 1762 Quid
1108 1697 1157 1752 est

156 1795 241 1855 enim
256 1796 339 1873 quod
352 1814 415 1855 non
436 1801 491 1855 aut
512 1796 585 1856 illae
606 1797 823 1873 occupationes
845 1797 985 1873 inpedire
1006 1802 1060 1856 aut
1080 1797 1156 1856 haec

105 1913 137 1959 19
156 1901 310 1961 instantia
330 1920 392 1960 non
412 1901 513 1978 possit
534 1901 679 1961 efficere?
720 1903 832 1979 Itaque
854 1902 938 1962 soleo
959 1902 1068 1978 ridere,
1086 1921 1157 1961 cum
1176 1918 1205 1963 15

157 2025 205 2066 me
225 2006 352 2084 quidam
375 2006 550 2068 studiosum
570 2012 691 2082 vocant,
707 2007 770 2084 qui,
786 2007 813 2066 si
834 2026 993 2084 comparer
1013 2006 1072 2081 illi,
1088 2026 1157 2067 sum

156 2111 431 2172 desidiosissimus.
473 2113 540 2186 Ego
568 2118 671 2171 autem
696 2118 828 2187 tantum,
851 2131 942 2189 quem
968 2112 1082 2189 partim
1104 2131 1157 2189 pu-

155 2217 240 2277 blica
259 2217 375 2294 partim
395 2217 564 2276 amicorum
584 2217 684 2276 officia
705 2217 925 2294 distringunt?
947 2217 1019 2295 quis
1033 2237 1072 2276 ex
1086 2218 1156 2278 istis

156 2322 211 2401 qui
239 2327 308 2382 tota
335 2321 402 2381 vita
428 2322 546 2382 litteris
574 2321 720 2382 adsident
748 2322 880 2383 collatus
905 2323 954 2381 illi
978 2342 1039 2381 non
1066 2323 1156 2400 quasi

103 2443 136 2490 ao
156 2447 265 2488 somno
292 2432 339 2487 et·
352 2427 483 2487 inertiae
506 2428 630 2488 deditus
655 2428 841 2488 erubescat?
883 2428 1022 2488 Extendi
1043 2428 1157 2506 epistu-
1176 2445 1206 2489 20

155 2533 228 2608 lam,
250 2551 322 2592 cum
341 2533 400 2592 hoc
422 2533 522 2593 solum
543 2535 626 2611 quod
649 2534 829 2611 requirebas
851 2534 984 2594 scribere
1005 2534 1157 2594 destinas-

156 2658 232 2713 sem,
247 2657 324 2716 quos
339 2638 435 2698 libros
450 2638 647 2716 reliquisset:
670 2640 791 2699 confido
811 2645 917 2700 tamen
938 2640 1014 2698 haec
1034 2658 1156 2717 quoque

154 2743 215 2804 tibi
236 2763 299 2803 non
319 2744 423 2804 minus
445 2751 535 2822 grata
555 2764 648 2823 quam
669 2746 753 2822 ipsos
775 2745 870 2806 libros
892 2746 1009 2819 futura,
1024 2763 1104 2822 quae
1125 2750 1156 2803 te

154 2869 219 2909 non
232 2854 357 2909 tantum
370 2850 410 2909 ad
430 2850 578 2926 legendos
599 2869 651 2910 eos
673 2851 897 2910 verumetiam
918 2850 958 2909 ad
979 2849 1082 2909 simile
1104 2849 1158 2908 111-

155 2954 233 3033 quid
248 2954 471 3014 elaborandum
484 2961 615 3033 possunt
630 2955 846 3015 aemulationis
862 2954 999 3015 stimulis
1010 2955 1154 3014 excitare.
1176 2968 1205 3014 ro

154 3059 241 3120 Vale.

573 3172 625 3234 32.
656 3171 741 3251 (11.)

331 3316 362 3366 C.
386 3316 530 3382 l'LINIUS
554 3317 667 3367 ANNIO
691 3317 834 3367 SEVERO
860 3317 928 3370 SUO
952 3317 979 3368 S.

63 3385 158 3493 V
515 3449 541 3500 A
553 3451 649 3501 bronze
661 3457 792 3502 statuette.

118 3605 133 3650 1
194 3592 244 3650 Ex
261 3590 435 3650 hereditate
457 3611 536 3669 quae
557 3591 638 3650 mihi
659 3592 787 3652 obvenit
807 3593 867 3651 emi
889 3592 1030 3669 proxime
1052 3591 1158 3653 Corin-

152 3695 258 3758 thium
272 3696 405 3773 signum,
420 3697 576 3756 modicum
591 3698 718 3774 quidem
732 3699 787 3757 sed
808 3698 959 3758 festivrun
979 3703 1012 3757 et
1033 3716 1157 3775 expres-
