2664 4170
512 255 774 306 rrlsrurhnuu
798 257 830 306 v.
854 256 875 306 1.
1155 242 1196 307 69

190 427 351 488 sententia
370 427 531 487 ‘videtur'
554 428 691 505 inquam,
715 429 876 504 ‘Curiana
898 434 998 488 mater
1019 434 1075 488 tua
1095 428 1195 488 iustas

189 533 339 593 habuisse
353 552 462 594 causas
476 534 633 594 irascendi
647 534 726 595 tibi’
768 535 846 594 Post
856 534 914 593 hoc
929 534 983 593 ille
997 552 1068 593 cum
1083 534 1195 594 ceteris

191 639 378 716 subscripsit
387 639 613 700 centumvirale
623 639 719 698 iudici
775 659 857 715 ,non
866 639 1052 716 subscripsit
1064 658 1192 698 mecum.

149 762 166 808 7
189 744 370 821 Adpetebat
385 744 495 804 iudicii
505 745 586 805 dies:
606 744 774 805 coheredes
789 745 851 804 mei
865 763 1039 822 conponere
1054 750 1086 803 et
1097 751 1195 803 trans

189 850 275 925 igere
300 849 476 927 cupiebant,
502 869 562 908 non
587 849 764 910 diffidentia
788 868 899 909 causae
924 850 979 909 sed
1004 855 1092 908 metu
1119 855 1228 908 tem-t

189 974 309 1031 porum.
352 954 550 1029 Verebantur
572 955 655 1032 quod
678 955 827 1014 videbant
848 954 957 1014 multis
977 955 1137 1029 accidisse,
1154 973 1193 1013 ue

151 1078 228 1124 sex
257 1059 476 1119 centumvirali
505 1060 621 1119 iudicio
649 1060 763 1137 capitis
787 1060 831 1118 rei
855 1060 985 1119 exirent.
1039 1061 1081 1119 Et
1104 1066 1194 1119 erant

190 1165 320 1241 quidam
347 1165 380 1223 in
408 1164 474 1224 illis
503 1165 616 1241 quibus
645 1165 727 1225 obici
755 1170 787 1224 et
814 1164 969 1226 Gratillae
995 1165 1134 1224 amicitia
1161 1172 1193 1224 et

189 1270 316 1328 Rustici
343 1275 456 1346 posset.
513 1269 638 1345 Rogant
672 1288 720 1329 me
748 1275 785 1329 ut
812 1288 882 1329 cum
910 1271 1045 1330 Curiano
1073 1268 1191 1346 loquar.

151 1394 167 1438 9
189 1374 401 1435 Convenimus
422 1374 456 1433 in
477 1375 585 1434 aedem
606 1375 804 1435 Concordiae.
857 1375 907 1434 Ibi
929 1393 985 1450 ego
1010 1375 1054 1434 ‘si
1076 1375 1192 1434 mater'
1215 1391 1242 1435 10

188 1480 318 1556 inquam
345 1485 393 1539 ‘te
417 1498 464 1553 ex,
479 1486 568 1557 parte
593 1486 706 1556 quarta
731 1480 909 1557 scripsisset
936 1481 1092 1554 heredem,
1118 1500 1193 1538 num

189 1585 279 1661 queri
301 1587 435 1662 posses?
477 1585 558 1655 Quid
580 1585 607 1645 si
627 1585 774 1644 heredem
796 1585 922 1662 quidem
944 1586 1135 1645 instituisset
1154 1604 1192 1644 ex

189 1709 268 1764 asse,
284 1690 339 1750 sed
358 1690 470 1777 legatis
492 1691 537 1749 ita
559 1690 757 1751 exhausisset
773 1696 810 1749 ut
828 1710 891 1749 non
909 1691 1043 1768 amplius
1063 1692 1147 1768 apud
1161 1697 1192 1750 te

189 1815 284 1873 quam
305 1802 419 1872 quarta
439 1798 637 1856 remaneret?
680 1796 783 1871 Igitur
804 1795 944 1857 sufficere
965 1797 1024 1856 tibi
1046 1797 1146 1871 debet,
1165 1797 1192 1856 si

189 1901 396 1961 exheredatus
419 1907 557 1960 amatre
577 1906 721 1977 quartam
738 1906 859 1978 partem
880 1902 919 1961 ab
940 1901 1107 1961 heredibus
1126 1901 1192 1961 eius
1214 1919 1242 1963 15

136 2024 168 2070 10
189 2007 334 2084 accipias,
351 2026 445 2084 quam
459 2013 564 2066 tamen
580 2025 637 2082 ego
654 2007 781 2082 augebo.
825 2007 891 2067 Scis
912 2013 943 2066 tc
960 2027 1023 2066 non
1041 2008 1193 2085 subscrip

190 2113 270 2173 sisse
285 2131 405 2172 mecum
420 2117 452 2171 et
469 2113 531 2171 iam
546 2105 707 2171 biennium
725 2112 876 2172 transisse
891 2113 1055 2188 omniaque
1070 2131 1119 2170 me
1134 2133 1193 2172 usu

190 2217 318 2295 cepisse.
363 2218 425 2277 Sed
443 2223 478 2276 ut
495 2223 526 2276 te
544 2217 710 2277 coheredes
730 2217 791 2276 mei
812 2217 1057 2277 tractabiliorem
1075 2219 1193 2295 experi-

190 2328 284 2382 antur
305 2329 401 2400 utque
422 2322 481 2382 tibi
509 2322 589 2380 nihil
618 2322 785 2383 abstulerit
808 2323 983 2382 reverentia
1004 2323 1074 2398 mei,
1097 2324 1193 2382 offero

137 2448 168 2493 11
190 2447 334 2506 promea
353 2434 441 2505 parte
460 2429 666 2488 tantundem)
708 2427 781 2486 Tuli
796 2428 933 2486 fructum
955 2447 1017 2487 non
1039 2429 1194 2488 conscien-
1214 2443 1243 2487 20

190 2534 254 2593 tiae
271 2534 362 2592 modo
381 2514 490 2593 verum
506 2533 602 2593 etiam
621 2534 733 2592 famae.
777 2532 837 2591 Ille
858 2551 931 2608 ergo
946 2534 1099 2594 Curianus
1114 2534 1195 2609 lega-

190 2643 258 2698 tum
280 2639 359 2698 mihi
380 2639 509 2716 reliquit
531 2645 563 2698 et
584 2639 704 2698 factum
725 2657 836 2713 meum,
859 2638 921 2698 nisi
943 2638 1024 2698 forte
1049 2639 1194 2699 blandior

138 2761 169 2807 12
190 2744 279 2816 mihi,
312 2744 449 2803 anticum
485 2744 618 2804 notabili
652 2745 768 2803 honore
805 2743 948 2819 signavit.
1012 2745 1100 2804 Haec
1135 2745 1193 2804 tibi

191 2850 312 2927 scripsi,
328 2851 403 2927 quia
421 2850 460 2909 de
481 2851 624 2910 omnibus
650 2869 729 2926 quae
750 2868 799 2908 me
821 2850 870 2908 vel
893 2849 1051 2909 delectant
1072 2849 1122 2908 vel
1145 2869 1195 2909 an-

191 2962 270 3031 gunt
284 2975 347 3014 non
365 2955 457 3014 aliter
474 2961 576 3015 tecum
592 2974 685 3032 quam
704 2973 824 3013 mecum
842 2954 929 3031 loqui
948 2954 1047 3028 soleo;
1070 2955 1192 3030 deinde,
1215 2972 1243 3016 25

191 3061 275 3138 quod
294 3061 405 3119 durum
421 3060 640 3120 existimabam
654 3065 686 3118 te
701 3059 949 3119 amantissimum
971 3059 1033 3117 mei
1047 3059 1194 3119 fraudare

139 3186 170 3232 13
191 3165 353 3243 voluptate
375 3185 469 3243 quam
489 3166 557 3242 ipse
580 3164 750 3242 capiebam.
795 3166 906 3241 Neque
928 3163 1011 3222 enim
1038 3183 1105 3224 sum
1129 3170 1194 3223 tam

191 3271 318 3349 sapiens
336 3276 374 3330 ut
392 3271 473 3329 nihil
490 3288 561 3329 mea
576 3269 704 3329 intersit
719 3288 759 3328 an
779 3269 823 3328 eis
841 3287 920 3345 quae
935 3269 1065 3328 honeste
1082 3270 1194 3329 fecisse

190 3395 242 3436 me
256 3376 348 3436 credo
359 3375 539 3436 testificatio
554 3375 708 3452 quaedam
719 3380 751 3434 et
765 3374 855 3452 quasi
870 3374 1043 3451 praemium
1058 3375 1192 3434 accedat.

193 3481 281 3542 Vale.

1245 534 1276 547 Q
