2664 4170
494 257 754 309 nrrsrumauu
777 257 827 307 111.
849 257 888 309 1a.
1141 245 1183 310 49

176 428 275 503 fama,
290 428 366 489 haec
380 430 469 490 nulla
482 431 670 490 circumfert.
714 432 804 490 Unde
819 431 978 506 colligitur
992 432 1075 508 quod
1090 430 1182 489 initio

176 533 256 609 dixi,
272 534 336 594 alia
349 552 416 596 esse
430 536 562 596 clariora
575 537 639 597 alia
653 537 776 596 maiora.
820 536 906 596 Vale.

561 767 614 829 38.
643 766 796 845 (XVIII.)
1020 640 1091 749 M

357 924 386 974 C.
412 925 557 976 PLINIUS
580 925 691 976 CURIO
715 926 858 976 SEVERO
882 927 949 976 SUO
973 928 999 977 S.

173 1069 270 1120 About
285 1070 328 1120 tlte
346 1070 503 1133 Peregrina,
524 1071 579 1120 aad
599 1071 656 1120 how
674 1071 781 1132 Pliay's
799 1071 906 1133 friends
924 1072 1036 1121 listened
1052 1079 1079 1121 to
1097 1074 1119 1122 it
1130 1075 1179 1135 sor

594 1161 665 1211 three
682 1162 754 1222 daps.

136 1291 152 1334 1
218 1274 362 1335 Officium
376 1275 557 1335 consulatus
579 1275 717 1334 iniunxit
739 1276 818 1333 mihi
839 1283 875 1335 ut
896 1275 941 1334 rei
962 1276 1106 1353 publicae
1128 1297 1178 1335 no

175 1381 260 1439 mine
275 1381 411 1458 principi
427 1381 544 1457 gratias
558 1399 690 1456 agerem.
734 1381 822 1450 Quod
843 1400 900 1456 ego
922 1382 953 1439 in
977 1388 1087 1440 senatu
1108 1400 1177 1440 cum

175 1486 216 1544 ad
230 1487 384 1545 rationem
404 1492 436 1545 et
456 1485 516 1544 loci
538 1492 570 1545 et
590 1487 741 1562 temporis
763 1505 800 1544 ex
823 1504 906 1544 more
928 1487 1177 1560 lecisse1u‚b0n0
1196 1506 1211 1549 a

174 1591 238 1650 civi
263 1591 591 1650 convenientissimum
612 1591 730 1650 credidi
750 1592 857 1651 eadem
879 1591 935 1650 illa
955 1592 1124 1668 spatiosius
1145 1600 1177 1652 et

137 1697 302 1756 auberius
323 1696 482 1755 volumine
503 1696 667 1774 amplecti;
689 1696 834 1773 primum,
849 1702 885 1755 ut
907 1696 1088 1772 imperatori
1110 1716 1178 1756 nos-

175 1808 224 1861 tro
240 1801 373 1860 virtutes
388 1819 462 1860 suae
476 1801 559 1860 veris
574 1800 719 1861 laudibus
738 1801 1036 1875 commendarentur,
1053 1802 1175 1876 deinde,

174 1912 211 1966 ut
225 1907 327 1965 futuri
341 1907 499 1984 principes
513 1925 575 1965 non
591 1907 681 1983 quasi
702 1925 721 1966 a
742 1907 900 1982 magistra
916 1908 970 1967 sed
992 1913 1097 1967 tamen
1119 1909 1176 1967 sub

175 2011 317 2089 exemplo
338 2018 615 2088 praemonerentur
629 2030 691 2088 qua
708 2012 906 2089 potissimum
921 2013 974 2072 via
987 2019 1115 2089 possent
1137 2013 1176 2071 ad
1197 2027 1225 2072 10

139 2127 154 2172 ³
174 2117 306 2176 eandem
320 2116 451 2191 gloriam
465 2115 534 2175 niti.
574 2117 659 2176 Nam
672 2117 849 2194 praecipere
863 2117 967 2194 qualis
982 2136 1048 2176 esse
1065 2118 1176 2177 debeat

173 2221 321 2299 princeps
335 2220 501 2298 pulchrum
515 2221 651 2298 quidem,
665 2222 719 2280 sed
733 2240 896 2280 onerosum
911 2241 946 2282 ac
961 2241 1056 2299 prope
1072 2241 1176 2300 super-

174 2327 248 2386 bum
276 2332 332 2400 est,
354 2326 481 2385 laudare
503 2344 576 2384 vero
604 2327 757 2404 optimum
785 2327 956 2404 principem
984 2348 1018 2387 ao
1042 2348 1097 2405 per
1117 2329 1176 2388 hoc

174 2431 308 2509 posteris
323 2430 411 2490 velut
425 2449 441 2489 e
457 2430 583 2508 specula
600 2431 704 2489 lumen
719 2433 802 2508 quod
820 2438 990 2509 sequantur
1011 2434 1175 2493 ostendere

138 2537 257 2596 tidem
271 2536 424 2596 utilitatis
437 2535 541 2612 habet,
554 2537 755 2612 adrogantiae
770 2537 859 2595 nihil.
903 2538 979 2615 Cepi
994 2546 1098 2598 autem
1113 2559 1175 2598 non
1196 2554 1224 2599 15
1256 2567 1296 2600 μ

174 2642 360 2701 mediocrem
380 2641 575 2719 voluptatem
602 2642 695 2718 quod,
717 2642 801 2700 hunc
826 2642 941 2701 librum
969 2661 1037 2702 oum
1067 2644 1175 2704 amicis

174 2747 306 2807 recitare
326 2747 504 2822 voluissem,
525 2766 588 2806 non
613 2766 669 2824 per
689 2746 859 2822 codicillos
882 2767 944 2807 non
966 2768 1020 2825 per
1041 2749 1174 2823 libellos

175 2854 230 2913 sed
252 2853 296 2912 ‘si
311 2852 523 2912 commodum'
538 2859 569 2912 et
585 2853 629 2912 ‘si
645 2852 737 2911 valde
751 2853 893 2912 vacaret'
909 2854 1060 2912 admoniti
1077 2852 1176 2930 (num-

174 2977 270 3036 quam
290 2977 381 3035 porro
401 2964 456 3017 aut
472 2957 564 3017 valde
587 2963 677 3017 vacat
698 2958 816 3016 Rornae
838 2964 893 3017 aut
914 2959 1107 3017 commodum
1128 2965 1176 3018 est

174 3063 285 3124 audire
312 3063 520 3144 recitantem),
549 3062 740 3122 foedissimis
769 3063 898 3140 insuper
925 3064 1174 3139 tempestatibus
1195 3080 1225 3124 ao

173 3187 230 3246 per
250 3167 380 3228 biduum
403 3173 624 3242 convenerunt,
646 3186 777 3244 cumque
806 3167 959 3226 modestia
986 3186 1054 3226 mea
1081 3167 1175 3226 finem

174 3273 353 3333 recitationi
380 3274 484 3332 facere
505 3272 666 3347 voluisset,
691 3277 727 3330 ut
754 3273 907 3331 adicerem
935 3273 1064 3331 tertium
1092 3273 1175 3331 diem

138 3383 353 3454 denegarunt.
396 3377 478 3437 Mihi
492 3377 575 3437 hune
590 3377 739 3436 honorem
759 3377 903 3436 habitum
924 3383 1030 3453 putem
1053 3396 1092 3436 an
1115 3383 1176 3436 stu-

138 3498 154 3543 6
175 3484 263 3544 diis?
286 3483 400 3543 studiis
414 3483 504 3559 male,
520 3502 600 3561 quae
620 3502 716 3560 prope
735 3483 877 3542 extincta
898 3483 1087 3542 refoventur.
1130 3481 1176 3542 At

173 3589 226 3649 cui
232 3589 381 3649 materiae
392 3589 473 3649 hanc
483 3588 683 3648 sedulitatem
694 3588 943 3665 praestiterunt?
959 3606 1070 3664 nempe
1082 3607 1176 3664 quam
1195 3609 1224 3653 25

175 3696 208 3754 in
224 3699 335 3754 senatu
349 3712 480 3772 quoque,
496 3694 549 3753 ubi
564 3693 686 3770 perpeti
701 3712 826 3753 necesse
840 3699 916 3768 erat,
933 3693 1055 3767 gravari
1071 3699 1175 3751 tamen
