2664 4170
425 277 686 330 arrsruunauu
710 280 730 328 1.
751 279 791 329 23.
1071 270 1111 335 17

110 563 167 632 ret,
183 563 218 616 ut
239 558 340 617 dolori
360 559 496 632 resistat,
519 563 554 615 ut
575 557 661 617 sitim
683 557 776 616 differ
796 556 828 635 t,··'¹
841 563 877 616 ut
897 559 1111 619 incredibilem

74 663 247 724 efebrium
268 663 410 722 ardorem
436 663 573 722 imnotus
595 668 782 740 opertusque
819 664 1005 723 ransmittat.
1048 666 1112 723 Nu-

110 787 166 846 per
179 787 229 826 me
244 787 419 846 paucosque
434 787 554 827 mecum
572 787 648 844 quos
666 768 800 827 maxime
822 768 926 844 diligit
947 770 1112 829 advocavit

110 874 294 950 rogavitque
314 879 351 931 ut
370 873 508 932 medicos
528 872 757 932 consuleremus
772 873 811 931 de
825 893 947 934 summa
961 876 1111 935 valetudi-
1130 896 1145 940 5

109 981 170 1056 nis,
185 987 230 1055 ut,
246 980 274 1040 si
295 985 377 1040 esset
396 980 626 1057 insuperabilis,
643 985 754 1057 sponte
768 980 869 1039 exiret
883 999 899 1039 e
914 981 988 1056 vita,
1005 983 1030 1042 si
1046 989 1112 1042 tan-

74 1093 178 1148 atum
206 1084 343 1145 difficilis
370 1090 402 1144 et
429 1085 531 1160 longa,
553 1084 713 1144 resisteret
736 1092 950 1163 maneretque:
974 1087 1108 1147 dandum

110 449 138 512 si
153 452 328 526 interesses,
344 471 407 530 qua
421 452 575 529 patientia
588 452 669 511 hauc
685 451 1016 722 ipsnmppaletudinem
1038 454 1112 514 tole

110 1195 194 1254 enim
221 1195 365 1273 precibus
393 1196 508 1270 uxoris,
531 1197 668 1256 dandum
696 1196 779 1256 filiae
804 1197 951 1272 lacrimis,
973 1199 1110 1259 dandum

111 1300 206 1382 etiam
221 1301 311 1360 nobis
332 1300 440 1361 amicis
461 1320 500 1360 ne
522 1319 593 1378 spes
614 1308 746 1376 nostras,
762 1301 789 1361 si
810 1302 902 1361 modo
922 1322 985 1362 non
1006 1311 1111 1364 essent

60 1415 91 1460 10
110 1405 229 1481 inanes,
251 1405 429 1466 voluntaria
449 1413 548 1466 morte
569 1407 733 1466 desereret.
776 1408 816 1466 Id
837 1426 893 1483 ego
917 1410 1048 1468 arduum
1076 1411 1110 1469 in
1130 1423 1159 1467 10

110 1513 220 1589 primis
245 1519 277 1574 et
301 1515 468 1592 praecipua
491 1514 584 1574 laude
606 1516 736 1590 dignum
757 1523 842 1594 puto.
885 1518 968 1577 Nam
989 1517 1110 1595 impetu

110 1618 245 1694 quodam
260 1625 292 1678 et
305 1619 458 1679 instinctu
472 1639 651 1697 procurrere
666 1622 705 1680 ad
720 1627 850 1681 mortem
865 1641 1027 1681 commune
1039 1642 1108 1681 cum
1159 1694 1163 1703 ι

110 1721 228 1796 multis,
251 1723 423 1784 deliberare
444 1744 517 1784 vero
538 1731 570 1784 et
590 1745 699 1787 causas
720 1727 787 1787 eius
809 1729 991 1805 expendere,
1012 1734 1109 1806 utque

110 1828 244 1888 suaserit
259 1829 347 1903 ratio,
359 1830 442 1889 vitae
457 1831 628 1908 mortisque
643 1832 807 1892 consilium
822 1833 872 1891 vel
888 1833 1044 1910 suscipere
1058 1833 1108 1892 vel

44 1931 88 1993 dl
109 1952 225 2010 ponere
251 1934 389 2011 ingentis
409 1941 457 1995 est
480 1936 584 1995 animi.
627 1938 670 1995 Et
692 1938 805 1997 medici
826 1938 951 2014 quidem
974 1939 1110 1999 secunda
1130 1951 1158 1995 15

109 2039 199 2098 nobis
227 2040 430 2116 pollicentur:
464 2048 606 2118 superest
632 2047 669 2102 ut
696 2043 857 2119 promissis
887 2044 963 2103 deus
990 2044 1109 2103 adnuat

108 2145 298 2222 tandemque
314 2165 363 2204 me
384 2147 442 2206 hac
464 2146 675 2206 sollicitudine
696 2147 853 2223 exsolvat3
876 2167 938 2225 qua
958 2149 1108 2209 liberatus

108 2250 335 2309 Laurentinum
350 2270 462 2325 meum,
478 2253 535 2311 hoc
550 2259 598 2312 est
612 2252 734 2313 libellos
750 2258 781 2312 et
803 2253 972 2330 pugillares
994 2254 1109 2314 studio

109 2373 240 2432 sumque
261 2356 360 2414 otium
382 2362 528 2433 repetam.
571 2358 664 2417 Nunc
685 2359 768 2416 euim
790 2358 872 2416 nibil
894 2358 1004 2435 legere,
1026 2359 1107 2418 nihil

54 2471 87 2516 12
107 2459 242 2519 scribere
256 2466 311 2520 aut
325 2461 481 2521 adsidenti
497 2469 587 2521 vacat
601 2467 655 2521 aut
669 2463 763 2522 auxio
780 2463 864 2523 libet.
908 2465 1015 2524 Habes
1031 2465 1107 2541 quid
1127 2478 1156 2522 20

106 2565 244 2639 timeam,
260 2565 337 2643 quid
359 2561 473 2643 optem,
488 2567 564 2644 quid
586 2567 680 2626 etiam
702 2568 734 2626 in
757 2573 915 2645 posterum
937 2569 1104 2629 destinam:

107 2676 143 2728 tu
158 2670 235 2747 quid
249 2670 358 2745 egeria,
374 2671 450 2747 quid
464 2690 547 2746 agas,
560 2672 636 2748 quid
651 2672 730 2732 velis
745 2691 845 2748 agere,
857 2673 991 2732 invicem
1005 2674 1105 2748 nobie,

107 2775 162 2834 sed
190 2774 373 2835 laetioribus
401 2776 545 2853 epistulis
572 2778 679 2836 scribe.
730 2778 801 2837 Erit
822 2778 999 2838 confusioni
1020 2797 1106 2838 meae

105 2889 170 2930 non
183 2871 337 2931 mediocre
353 2872 509 2948 solacium,
526 2873 553 2934 si
567 2880 602 2932 tu
616 2873 697 2933 nihil
712 2874 859 2951 quereris.
901 2875 988 2936 Vale.

485 3156 537 3217 16.
566 3154 722 3237 (xxm.)

252 3316 282 3366 C.
308 3317 453 3368 PLINIUS
475 3318 636 3369 POMPEIO
660 3319 819 3370 FALCONI
841 3320 908 3371 SUO
932 3320 958 3371 S.

362 3464 466 3516 Stould
484 3481 500 3515 α
519 3467 623 3517 tribune
637 3469 718 3528 plead
734 3468 851 3519 causes?

68 3624 82 3669 1
145 3608 291 3669 Consulis
317 3629 357 3668 an
381 3611 558 3670 existimem
580 3617 610 3670 te
631 3611 666 3669 in
686 3611 848 3671 tribunatu
876 3630 984 3672 causas
1012 3631 1103 3687 agere
1123 3621 1152 3666 25

104 3712 225 3773 debere.
268 3702 444 3773 Plurimum
472 3717 570 3775 refert
591 3716 667 3793 quid
694 3735 762 3777 esse
786 3716 981 3776 tribunatum
1001 3721 1101 3794 putes,
