2664 4170
190 248 254 313 118
614 263 644 314 c.
668 263 767 313 rann

190 431 352 492 lasciviam
380 439 412 493 et
439 432 533 493 solita
560 434 737 494 ministeria
770 434 931 512 repetisse.
989 435 1191 496 Confluebant
1207 441 1230 484 11

189 555 295 597 omnes
317 538 357 597 ad
378 539 592 615 spectaculum
613 540 825 615 magistratus,
847 559 981 616 quorum
1002 541 1142 600 adventu
1163 547 1191 600 et

189 661 276 702 mora
302 644 425 703 modica
445 663 494 704 res
515 644 642 721 publica
668 645 758 705 novis
786 645 964 723 sumptibus
994 647 1190 707 atterebatur.

189 748 351 807 Postremo
373 749 459 809 locus
488 749 555 827 ipso
583 749 721 827 quietem
742 768 836 816 suam
851 755 1071 828 secretumque
1093 752 1193 830 perde

154 854 251 914 51111.
294 853 419 914 Placuit
447 855 566 914 occulte
589 854 725 915 interfici
746 855 788 914 ad
808 855 892 932 quod
912 855 1065 915 coibatur.
1109 857 1191 916 Haec
1208 864 1231 909 11

190 965 225 1017 tu
245 977 308 1035 qua
331 959 537 1035 miseratione,
553 979 615 1036 qua
635 960 725 1037 copia
744 959 883 1035 deflebis,
898 960 1035 1036 ornabis,
1051 962 1191 1022 attolles!

189 1064 381 1141 Quamquam
400 1084 463 1123 non
483 1071 531 1125 est
550 1084 627 1142 opus
649 1064 790 1141 adtingas
811 1064 933 1142 aliquid
953 1071 1010 1125 aut
1031 1067 1191 1127 adstruas:

190 1167 304 1228 sufficit
318 1187 358 1229 ne
372 1188 409 1229 11
423 1188 503 1248 quae
518 1176 593 1230 sunt
607 1188 681 1230 vera
694 1170 884 1231 minuantru.
927 1170 1017 1231 Vale.

558 1426 610 1487 99.
640 1423 820 1505 (1111111.)

343 1562 347 1568 ’
452 1593 928 1646 1111111111111111111

355 1751 461 1812 Pliny's
478 1765 592 1801 manner
609 1752 642 1812 os
655 1753 700 1814 lise
718 1757 747 1802 11
764 1751 806 1801 leis
827 1751 933 1802 Tarona
949 1753 1025 1804 oilla.

229 1907 358 1978 Quaeris
378 1907 639 1984 quemadmodum
659 1906 693 1964 in
713 1907 823 1967 Tuscis
845 1907 928 1967 diem
949 1913 1071 1968 aestate
1094 1910 1200 1988 dispo
1219 1922 1233 1966 1

141 2030 270 2075 mnam.
313 2013 439 2089 Evigilo
466 2031 536 2070 cum
560 2012 664 2087 libuit,
689 2012 872 2090 plerumque
897 2012 979 2073 circa
1001 2013 1115 2074 horam
1137 2017 1200 2093 pri-

189 2137 281 2193 mam,
297 2136 388 2194 saepe
404 2122 484 2191 ante,
500 2116 621 2177 tardius
635 2135 721 2176 raro:
742 2117 866 2178 clausae
880 2119 1038 2179 fenestrae
1053 2128 1197 2182 manent.

189 2223 270 2282 Mire
293 2223 376 2282 enim
399 2222 525 2282 silentio
547 2227 580 2281 et
601 2222 738 2282 tenebris
761 2223 800 2282 ab
817 2223 862 2282 eis
885 2242 965 2301 quae
987 2231 1125 2285 avocant
1147 2228 1200 2286 ab
1220 2238 1235 2282 2

189 2329 309 2402 ductus,
332 2333 363 2386 et
384 2327 462 2387 liber
484 2326 614 2390 etmihi
636 2327 772 2402 relictus,
794 2346 858 2386 non
879 2328 984 2387 oculos
1006 2329 1114 2389 animo
1140 2333 1200 2391 sod

189 2433 327 2492 animum
342 2432 439 2492 oculis
455 2417 575 2508 sequor,
591 2432 647 2509 qui
660 2433 767 2491 eadem
783 2451 862 2508 quae
883 2451 970 2492 mens
983 2432 1106 2508 vident,
1123 2455 1200 2512 quo

140 2558 167 2602 15
188 2539 270 2598 tiens
291 2557 353 2597 non
368 2538 477 2596 vident
492 2537 561 2596 1111.
605 2536 723 2612 Cogito,
740 2538 766 2597 si
781 2538 858 2614 quid
872 2538 905 2596 111
920 2537 1072 2610 manibus,
1088 2542 1200 2618 cogito

188 2644 370 2703 adverbum
386 2642 535 2702 scribenti
550 2642 790 2719 emendantique
805 2642 928 2716 similis,
943 2661 1025 2702 nunc
1043 2645 1199 2720 pauciora

187 2767 270 2807 nunc
279 2747 378 2825 plura,
389 2753 424 2806 ut
435 2747 485 2805 vel
497 2746 623 2806 difficile
633 2747 682 2805 vel
693 2747 788 2806 facile
799 2748 943 2824 componi
954 2748 1093 2808 tenerive
1104 2757 1199 2827 potu-

188 2858 288 2912 erunt.
329 2852 497 2911 Notarium
513 2871 587 2910 voco
609 2857 641 2911 11
662 2852 712 2910 die
733 2851 869 2912 admisso
883 2871 963 2929 quae
980 2853 1198 2916 formaveram

187 2956 287 3015 dioto:
324 2955 390 3014 abit
420 2972 588 3030 rursusque
617 2957 779 3011 revocatur
807 2971 976 3030 rursusque
1004 2952 1194 3016 dimittitur.

136 3073 166 3117 20
187 3060 251 3121 Ubi
274 3061 350 3118 hora
371 3066 482 3136 quarta
495 3058 546 3116 vel
567 3056 808 3135 quinta(11eque
825 3057 909 3115 enim
930 3062 1049 3116 certum
1074 3058 1229 3120 dimen-3

188 3184 318 3241 sumque
333 3165 481 3244 tempus),
497 3168 533 3222 ut
547 3162 614 3222 dies
630 3161 738 3236 suasit,
749 3161 784 3219 in
798 3167 926 3240 xystum
939 3174 990 3220 ¹me
1001 3161 1051 3220 vel
1067 3172 1199 3242 orypto

188 3271 342 3348 porticum
363 3268 498 3340 confero,
521 3266 642 3343 reliqua
660 3266 792 3325 meditor
814 3271 846 3324 et
867 3266 958 3325 dicto.
1000 3266 1197 3331 Vehiculum

188 3375 328 3436 ascendo.
372 3372 421 3431 Ibi
445 3389 567 3447 quoque
588 3370 671 3429 idem
693 3371 776 3446 quod
801 3371 962 3431 ambulans
990 3377 1045 3431 aut
1073 3372 1194 3437 iacens.

187 3483 289 3540 Durat
305 3477 439 3537 intentio
455 3475 626 3535 mutatione
641 3476 710 3552 ipsa
724 3475 858 3535 refecta:
880 3476 1009 3554 paulum
1023 3477 1195 3556 redormi0,

138 3604 166 3649 25
188 3586 260 3646 dein
275 3583 493 3658 ambulamos
507 3581 678 3640 orationem
694 3582 844 3641 Graecam
859 3581 1043 3640 Latinamve
1058 3581 1144 3643 clare
1161 3592 1195 3646 et

186 3692 317 3765 intento,
332 3708 395 3748 non
412 3693 477 3747 tam
491 3686 576 3746 vocis
597 3704 690 3746 causa
711 3704 804 3762 quam
826 3685 978 3746 stomachi
998 3686 1084 3762 lego:
1108 3691 1194 3766 pari-
