2664 4170
186 251 229 313 44
614 263 643 315 e.
663 263 764 313 rann

186 436 268 494 enim
292 441 356 494 tam
377 435 601 512 ciremncisum,
623 443 687 495 tam
717 437 808 496 breve
836 457 932 514 quam
962 439 1107 500 hominis
1135 441 1196 499 vita

186 541 396 616 longissima?
452 542 503 600 An
533 561 596 600 non
624 542 749 601 videtur
779 543 837 602 tibi
865 543 951 602 Nero
982 546 1079 604 modo
1107 546 1195 604 modo

187 647 312 706 fuisse?
334 665 402 705 curn
419 647 542 705 interim
560 647 658 706 exeis
676 648 731 724 qui
751 648 809 707 sub
829 647 884 706 illo
907 658 1077 723 gesserant
1092 669 1194 710 oonsu-

186 752 286 810 latum
302 771 392 810 nemo
409 752 469 810 iarn
485 759 635 828 superest.
678 752 872 829 Quamquam
889 753 969 830 quid
992 755 1052 814 hoc
1073 756 1191 815 miror?
1210 772 1231 816 12

151 868 166 913 5
186 875 285 933 nuper
307 858 341 914 L.
364 857 448 930 Piso,
471 863 559 933 pater
579 857 705 917 Pisonis
726 857 813 917 illius
835 858 889 934 qui
911 877 930 916 a
946 858 1080 919 Valerio
1102 861 1192 920 Festo

186 981 241 1038 per
256 981 410 1021 summum
426 962 549 1021 facinus
567 962 600 1020 in
615 963 725 1022 Africa
742 963 860 1023 occisus
878 969 935 1039 est,
952 964 1059 1023 dicere
1074 965 1191 1026 solebat

186 1068 343 1126 neminem
355 1086 387 1127 se
400 1067 504 1126 videre
520 1067 552 1125 in
568 1074 678 1127 senatu
689 1087 782 1144 quem
793 1068 901 1128 consul
917 1069 986 1146 ipse
1003 1057 1189 1130 sententiam

187 1174 367 1249 rogavisset.
411 1175 488 1232 'sam
509 1174 651 1248 angustis
676 1174 819 1234 terminis
843 1181 950 1234 tantae
975 1176 1190 1235 multitudinis
1207 1193 1228 1238 rt

187 1279 338 1338 vivacitas
351 1279 419 1356 ipsa
430 1278 634 1352 concluditur,
646 1284 682 1337 ut
696 1279 774 1337 mihi
786 1298 849 1337 nou
859 1279 952 1338 venia
963 1281 1067 1339 solum
1080 1283 1189 1357 dignae

139 1396 165 1439 10
187 1385 399 1444 verumetiam
416 1385 508 1443 laude
520 1385 686 1443 videantur
701 1385 774 1444 illae
789 1385 891 1460 regiae
906 1386 1065 1445 lacrimae.
1110 1389 1188 1447 Nam

187 1492 293 1549 ferunt
310 1492 446 1563 Xerxen,
462 1509 531 1547 omn
553 1489 739 1549 immensum
759 1491 928 1549 exercitum
947 1490 1049 1552 oculis
1065 1493 1188 1565 obisset,

186 1592 410 1669 inlacrimasse,
438 1595 521 1671 quod
552 1600 599 1653 tot
628 1594 755 1655 milibus
783 1602 847 1654 tam
876 1595 980 1655 brevis
1011 1597 1189 1657 immineret

186 1719 319 1760 occasus.
373 1700 433 1759 Sed
460 1705 549 1758 tanto
577 1700 675 1775 magis
701 1701 758 1758 hoc
786 1700 941 1777 quidquid
965 1707 1014 1760 est
1041 1704 1188 1780 temporis
1205 1718 1224 1762 14

187 1806 290 1865 futilis
305 1812 337 1864 et
351 1805 469 1879 caduci,
485 1805 511 1864 si
526 1824 587 1863 non
603 1806 695 1864 datur
710 1805 804 1865 factis
821 1805 906 1884 (nam
924 1805 1036 1865 horum
1059 1809 1189 1867 materia

139 1919 165 1962 15
186 1913 219 1969 in
240 1910 344 1970 aliena
365 1912 482 1989 manu),
505 1916 588 1968 certe
614 1911 727 1970 studiis
749 1911 954 1986 proferamus,
977 1918 1009 1970 et
1035 1919 1187 1990 quatenus

187 2016 274 2075 nobis
290 2017 461 2089 denegatur
476 2015 531 2073 diu
544 2016 659 2089 vivere,
676 2015 888 2092 relinquamus
910 2016 1031 2093 aliquid
1051 2038 1113 2095 quo
1135 2039 1187 2078 nos

188 2122 304 2180 vixisse
325 2127 483 2180 testemur.
529 2120 598 2179 Scio
613 2127 644 2178 te
659 2120 796 2180 stimulis
810 2140 872 2179 uon
888 2139 995 2196 egere;
1017 2141 1070 2182 me
1086 2130 1187 2183 tamen
1204 2140 1225 2186 15

186 2226 233 2284 tui
249 2227 363 2286 caritas
378 2231 486 2284 evocat
499 2231 535 2284 ut
549 2232 723 2284 currentem
740 2244 863 2302 quoque
881 2225 1041 2301 instigem,
1058 2229 1141 2288 sicut
1155 2234 1188 2287 tu

187 2331 267 2391 soles
282 2350 339 2390 mc.
384 2332 491 2410 Ἀγαθὴ
506 2331 530 2389 δ’
545 2333 610 2408 ἔρις,
626 2350 695 2389 cum
714 2329 847 2388 invicem
864 2349 896 2390 se
911 2332 1032 2392 mutuis
1048 2334 1188 2393 exhorta

137 2445 166 2489 20
185 2437 324 2496 tionibus
335 2436 427 2496 amici
442 2436 482 2495 ad
493 2455 627 2495 amorem
640 2436 886 2495 immortalitatis
897 2443 1065 2497 exacuunt.
1102 2439 1185 2500 Vale.

599 2691 652 2751 34.
681 2688 766 2767 (m.)

353 2859 383 2909 C.
409 2859 553 2909 PLINIUS
577 2859 676 2908 IULIO
700 2857 874 2908 GENITORI
898 2858 965 2908 SUO
989 2858 1016 2909 S.

455 3016 558 3077 Pliay’a
571 3018 671 3078 concup
683 3022 709 3066 to
721 3016 913 3066 Artemidorus.

225 3173 284 3232 Est
302 3171 426 3231 omnino
446 3171 637 3230 Artemidori
656 3171 754 3230 nostri
777 3176 839 3229 tam
863 3170 996 3246 benigna
1016 3177 1133 3233 natura
1154 3179 1190 3232 ut
1209 3181 1221 3226 1

186 3277 285 3336 officia
306 3277 474 3336 amicorum
497 3277 529 3333 in
551 3276 650 3335 maius
675 3276 824 3335 extollat:
857 3276 930 3335 inde
958 3276 1053 3335 etiam
1082 3297 1188 3337 meum

185 3382 329 3441 meritum
345 3389 381 3441 ut
393 3401 466 3440 vera
480 3382 525 3440 ita
540 3400 633 3458 supra
651 3382 797 3440 meritum
813 3381 1044 3457 praedicatione
1059 3382 1189 3442 circum-

186 3488 256 3546 fert.
300 3487 464 3564 Equidem,
480 3506 550 3545 cum
565 3493 669 3546 essent
683 3487 863 3563 philosophi
878 3487 916 3545 ab
931 3487 1006 3545 urbe
1027 3488 1186 3564 summoti,
1207 3492 1222 3536 2

137 3602 165 3646 25
185 3593 233 3652 fui
254 3594 337 3669 apud
359 3593 449 3651 illum
471 3592 503 3650 in
526 3592 711 3666 suburbano
730 3597 760 3650 et
778 3611 839 3668 quo
861 3591 1039 3665 notabilius,
1057 3592 1116 3652 hoc
1140 3600 1188 3654 est

184 3698 390 3775 periculosius
418 3703 509 3772 esset,
532 3698 580 3756 fui
608 3703 738 3774 praetor.
791 3698 960 3756 Pecuniam
989 3696 1094 3773 etiam,
1125 3718 1188 3777 qua
