2664 4170
421 232 683 285 srisrumauu
707 235 755 286 iv.
776 235 817 286 13.
1075 225 1116 290 61

114 405 296 482 Respondit
323 405 454 464 ‘etiam’
506 406 633 466 ‘Ubir’
686 407 896 466 ‘Mediolani’
947 408 1027 468 ‘Cur
1053 428 1117 467 non

114 509 213 569 hic?'
255 511 297 570 Et
317 516 407 588 pater
429 511 496 571 eius
520 511 601 589 (erat
624 512 706 570 enim
729 531 792 571 una
814 520 908 589 atque
932 513 1025 572 etiarn
1050 514 1117 592 ipse

114 616 291 676 adduxerat
312 619 455 696 puerum)
479 617 571 693 ‘quia
591 617 695 676 nullos
718 616 769 676 hic
791 624 1006 696 praeceptores
1027 619 1118 679 habe

75 736 92 779 4
114 723 205 782 mus!
249 723 366 792 ‘Quare
387 722 519 782 nullos?
535 742 608 782 nam
623 723 822 782 vehementer
837 723 988 783 intererat
1003 731 1115 800 vestra,

114 827 171 904 qui
199 833 304 904 patres
328 827 424 900 estis‚'
449 833 481 887 et
503 833 677 906 opportune
700 829 865 905 conplures
890 835 994 905 patres
1015 831 1150 889 audiet

113 932 200 1006 bant,
218 937 226 967 ‘
235 931 347 993 liberos
363 938 485 993 vestros
502 933 553 992 hie
568 933 767 1011 potissimum
782 933 909 993 discere.
954 935 1018 995 Ubi
1033 936 1117 994 enim

112 1043 170 1096 aut
192 1038 358 1097 iucundius
382 1043 576 1096 morarentur
598 1057 692 1115 quam
715 1039 747 1096 in
770 1039 873 1115 patria
895 1044 949 1098 aut
972 1040 1115 1116 pudicius

112 1143 348 1202 continerentur
382 1162 476 1220 quam
504 1144 562 1203 sub
589 1144 687 1203 oculis
723 1150 885 1221 parentum
915 1150 970 1204 aut
997 1147 1115 1206 minore

74 1262 90 1307 5
112 1255 242 1325 sumptu
264 1267 356 1325 quam
379 1249 488 1308 domi?
530 1249 722 1319 Quantulum
751 1255 800 1309 est
824 1268 896 1324 ergo
924 1250 1039 1310 collata
1066 1270 1116 1328 pe

112 1353 206 1412 cunia
227 1354 398 1412 conducere
421 1360 645 1431 praeceptores
670 1354 814 1430 quodque
836 1373 918 1413 nunc
941 1355 974 1413 in
996 1356 1114 1416 habita
1135 1373 1163 1417 10

111 1458 224 1532 tiones,
246 1459 280 1516 in
301 1459 425 1533 viatica,
447 1459 481 1516 in
502 1478 539 1518 ea
566 1478 646 1536 quae
673 1478 801 1536 peregre
829 1466 974 1518 emuntur
997 1462 1115 1537 (omnia

111 1569 218 1622 autem
240 1582 367 1640 peregre
382 1566 540 1644 emuntur)
559 1564 731 1641 inpenditis
753 1565 876 1623 adicere
891 1567 1113 1626 mercedibus?

112 1668 219 1745 Atque
235 1670 312 1728 adeo
326 1687 392 1744 ego,
408 1669 463 1746 qui
477 1670 614 1727 nondum
636 1669 750 1727 liberos
772 1670 880 1744 habeo,
897 1677 1023 1746 paratus
1045 1692 1113 1730 sum

110 1793 169 1851 pro
183 1793 217 1832 re
231 1775 356 1851 publica
370 1780 485 1847 nostra,
501 1775 590 1851 quasi
612 1793 667 1851 pro
681 1774 749 1833 filia
762 1775 813 1833 vel
834 1781 972 1853 parente,
988 1777 1114 1836 tertiam

72 1891 89 1935 6
110 1885 233 1956 partem
256 1880 321 1938 eius
344 1880 428 1956 quod
450 1880 591 1938 conferre
606 1879 695 1939 vobis
717 1879 853 1957 placebit
874 1881 956 1939 dare.
999 1883 1113 1941 Totum
1135 1901 1162 1944 15

111 1985 208 2043 etiam
241 1984 415 2061 pollicerer,
443 1984 506 2043 nisi
540 1985 683 2043 timerem
710 2004 750 2044 ne
777 1985 836 2044 hoc
871 2005 982 2046 munus
1011 2006 1115 2046 meum

111 2091 298 2166 quandoque
320 2090 441 2149 ambitu
462 2095 720 2166 corrumperetur,
735 2095 772 2148 ut
789 2090 928 2148 accidere
950 2091 1058 2152 multis
1080 2093 1112 2151 in

73 2211 88 2256 ‘1
111 2194 189 2254 loeis
205 2195 305 2269 video,
321 2195 355 2252 in
376 2196 490 2270 quibus
505 2200 721 2271 praeceptores
743 2195 867 2273 publice
888 2197 1111 2257 conducuntur.

111 2300 198 2359 Huic
214 2300 291 2359 vitio
306 2301 425 2359 occurri
440 2318 502 2359 000
517 2300 653 2359 remedio
667 2306 781 2376 potest,
797 2301 824 2360 si
839 2303 1021 2377 parentibus
1037 2304 1112 2365 solis

110 2406 160 2465 ius
183 2406 376 2464 conducendi
397 2405 593 2482 relinquatur
618 2405 779 2482 isdemque
801 2406 912 2481 religio
931 2414 1014 2467 recte
1035 2409 1114 2468 iudi·
1133 2425 1163 2470 no

73 2525 89 2570 8
111 2511 204 2570 candi
218 2510 405 2570 necessitate
425 2510 603 2569 collationis
624 2511 765 2569 addatur.
808 2512 889 2570 Nam
911 2513 965 2589 qui
979 2513 1113 2575 fortasse

110 2617 150 2675 de
162 2616 264 2674 alieno
275 2616 483 2692 neglegentes,
493 2621 576 2674 certe
588 2616 627 2675 de
639 2635 694 2675 suo
704 2616 870 2690 diligentes
882 2623 974 2677 erunt
985 2619 1114 2680 dabunt

110 2740 172 2798 que
187 2740 313 2798 operam
327 2740 366 2780 ne
381 2740 399 2781 a
414 2740 463 2780 me
477 2721 640 2799 pecuniam
663 2740 726 2779 000
749 2721 811 2781 nisi
834 2723 947 2798 dignus
969 2725 1111 2802 accipiat,

74 2827 139 2887 ssi
161 2832 345 2904 accepturus
366 2832 397 2885 et
419 2827 458 2886 ab
475 2826 553 2903 ipsis
575 2827 644 2885 erit.
688 2826 824 2885 Proinde
846 2829 1030 2900 consentite,
1046 2848 1114 2888 000-

112 2933 229 3009 spirate
253 2931 462 3008 maioremque
485 2933 624 2991 animum
647 2952 686 2992 ex
709 2952 777 2992 meo
800 2934 923 3008 sumite,
946 2935 999 3010 qui
1023 2936 1113 3012 cupio
1133 2934 1162 2980 25

111 3057 180 3098 esse
202 3056 295 3114 quam
316 3036 487 3114 plurimum
508 3038 591 3114 quod
613 3038 741 3098 debeam
756 3040 906 3099 conferre.
949 3039 1040 3098 Nihil
1062 3040 1114 3099 ho-

110 3142 233 3202 nestius
261 3147 419 3220 praestare
448 3142 556 3202 liberis
584 3143 706 3218 vestris,
735 3144 816 3202 nihil
845 3145 963 3219 gratius
992 3145 1112 3223 patriae

109 3247 253 3326 potestis.
299 3247 477 3306 Educentur
504 3247 555 3306 hic
584 3248 638 3325 qui
666 3248 717 3307 hic
745 3255 916 3308 naseuntur
944 3250 1112 3328 statimque

109 3354 150 3413 ab
165 3352 303 3412 infantia
316 3351 420 3411 natale
443 3351 544 3411 solum
568 3372 670 3412 amare
686 3354 885 3430 frequentare
900 3362 1110 3415 consuescant.

109 3459 218 3535 Atque
239 3457 362 3516 utinam
384 3463 449 3516 tam
463 3458 562 3516 claros
586 3465 800 3535 praeceptores
825 3460 981 3520 inducatis
996 3467 1032 3520 ut
1046 3461 1112 3519 fini·
1132 3480 1161 3525 30

109 3563 197 3625 timis
227 3563 351 3640 oppidis
381 3563 485 3622 studia
513 3563 586 3622 hinc
614 3569 771 3640 petantur,
795 3570 893 3642 utque
915 3585 997 3625 nunc
1020 3566 1112 3625 liberi

109 3669 210 3732 vestri
231 3668 334 3729 aliena
348 3667 383 3725 in
397 3667 473 3743 loca,
489 3667 535 3726 ita
550 3687 621 3729 mox
644 3668 739 3730 alieni
762 3669 793 3728 10
818 3671 900 3728 hunc
923 3671 1024 3731 locum
1045 3690 1113 3731 con-
