2664 4170
475 239 739 294 nrrsrunnnnn
762 239 812 292 vr.
831 240 872 294 20.
1132 234 1173 300 87

167 415 463 476 circumiacentibus
490 414 592 491 tectis,
616 434 804 492 quamquam
832 415 866 474 in
890 421 998 494 aperto
1025 416 1101 492 loco,
1122 437 1174 478 en-

129 538 147 584 '1
170 526 264 598 gusto
277 527 393 596 tamen,
408 539 539 596 magnus
556 526 588 580 et
610 526 712 580 certus
736 521 844 579 ruinae
867 526 978 581 metus.
1022 524 1102 582 Tum
1124 523 1174 583 de

169 645 257 684 mum
271 626 419 686 excedere
440 626 556 703 oppido
570 625 687 684 visum:
711 625 853 702 seqnitur
867 626 980 703 vulgus
995 627 1171 705 attonitum,

169 731 316 809 qnodque
331 731 364 789 in
378 749 492 808 pavore
512 730 615 791 simile
638 730 833 808 prudentiae,
849 730 986 790 alienum
1007 733 1172 793 consilium

171 855 227 896 sno
252 837 392 914 praefert
414 835 597 913 ingentique
622 836 745 911 agmine
767 835 911 896 abeuntis
936 837 1051 914 premit
1073 843 1105 897 et
1127 838 1206 898 ins

133 941 270 1019 apellit.
313 941 440 1017 Egressi
465 945 549 1000 tecta
570 940 778 1000 consistimus.
830 941 934 1000 Multa
954 941 998 1001 ibi
1020 943 1171 1018 miranda,

170 1045 288 1106 multas
302 1046 486 1106 formidines
502 1045 648 1123 patimur.
691 1045 774 1104 Nam
788 1044 935 1105 vehicula
948 1065 1028 1124 quae
1043 1048 1171 1124 produci

169 1151 370 1226 iusseramus,
386 1170 575 1228 quamquam
597 1150 631 1209 in
653 1150 836 1227 planissimo
858 1169 977 1228 eampo,
998 1152 1032 1210 in
1054 1158 1172 1213 contra

170 1257 234 1316 rias
256 1262 360 1334 partes
382 1257 553 1331 agebantur
574 1274 609 1315 ac
633 1275 673 1315 ne
697 1255 855 1333 lapidibus
880 1256 1007 1333 quidem
1031 1257 1115 1318 fulta
1137 1259 1172 1318 in

134 1374 151 1419 9
170 1361 280 1421 eodem
294 1361 427 1437 vestigio
448 1361 659 1439 quiescebant.
701 1361 869 1421 Praeterea
882 1380 967 1421 mare
982 1362 1016 1421 in
1031 1381 1064 1422 se
1078 1382 1173 1424 resor-
1191 1382 1220 1428 10

169 1466 237 1526 beri
259 1471 290 1525 et
310 1472 444 1525 tremore
471 1472 572 1526 terrae
597 1465 687 1544 qnasi
711 1465 821 1543 repelli
846 1465 1037 1527 videbamus.
1081 1469 1171 1530 Certe

170 1577 363 1649 processerat
377 1570 453 1631 litus
468 1571 629 1648 multaque
644 1570 793 1630 animalia
813 1571 908 1631 maris
932 1571 1022 1632 siccis
1045 1573 1170 1634 harenis

169 1676 340 1737 detinebat.
383 1676 434 1735 Ab
448 1676 547 1735 altero
561 1676 659 1736 latere
673 1677 771 1738 nubes
789 1681 858 1736 atra
872 1681 904 1736 et
917 1677 1073 1738 horrenda
1087 1678 1170 1755 ignei

170 1782 302 1860 spiritus
330 1781 422 1852 tortis
446 1781 641 1858 vibratisque
665 1781 858 1841 discursibus
886 1787 979 1859 rupta
1000 1782 1035 1841 in
1062 1783 1171 1860 longas

169 1886 366 1947 flammarum
380 1885 497 1962 figuras
512 1885 707 1945 dehiscebat:
723 1886 902 1962 fulguribus
917 1886 991 1947 illae
1006 1894 1037 1947 et
1052 1889 1170 1950 similes
1190 1906 1219 1952 15

119 2011 150 2057 10
169 1998 201 2052 et
215 1993 348 2053 maiores
369 1999 466 2054 erant.
508 1995 589 2054 Tum
603 2013 677 2054 vero
699 1994 782 2054 idem
803 1994 858 2055 ille
873 2014 911 2054 ex
926 1995 1084 2073 Hispania
1097 1996 1171 2055 ami-

169 2116 223 2158 cus
253 2097 353 2158 acrius
382 2104 414 2158 et
441 2097 612 2160 instantius
635 2099 679 2160 ‘si
699 2100 814 2160 frater'
836 2100 941 2178 inquit
970 2106 1068 2176 ‘tuus
1096 2106 1170 2160 tuns

169 2202 343 2263 avunculus
367 2203 454 2279 vivit,
478 2204 548 2264 vult
570 2223 637 2264 esse
661 2224 717 2265 vos
741 2205 860 2265 salvos:
884 2207 910 2265 si
938 2206 1041 2284 periit,
1067 2225 1171 2283 super-

169 2309 261 2368 stites
276 2308 393 2368 voluit:
416 2309 545 2386 proinde
566 2309 644 2387 quid
665 2311 793 2370 cessatis
815 2312 989 2370 evadere?'
1032 2313 1170 2388 Respon-

168 2414 273 2474 dimus
298 2433 361 2473 non
385 2414 603 2475 commissuros
628 2434 684 2476 nos
706 2421 742 2475 ut
763 2416 801 2475 de
825 2416 926 2476 salute
948 2417 1034 2477 illius
1057 2416 1169 2476 incerti
1188 2430 1218 2475 ao

120 2539 147 2584 11
167 2525 293 2579 nostrae
321 2520 560 2580 consuleremus.
603 2521 675 2579 Non
704 2527 841 2602 moratus
864 2522 949 2582 ultra
975 2522 1108 2599 proripit
1136 2541 1169 2582 se

168 2625 330 2703 effusoque
345 2644 436 2684 cursu
450 2625 591 2702 periculo
614 2626 764 2686 aufertur.
806 2627 874 2685 Nec
897 2626 997 2686 multo
1020 2627 1169 2704 postilla

166 2729 266 2790 nubes
285 2730 472 2790 descendere
493 2730 526 2789 in
548 2736 656 2806 terras,
679 2732 799 2808 operire
820 2732 933 2791 maria:
955 2733 1097 2791 cinxerat
1114 2732 1169 2793 (la-

167 2853 258 2912 preas
283 2840 316 2894 et
337 2835 557 2895 absconderat:
581 2836 696 2895 Miseni
714 2837 797 2914 quod
816 2837 971 2914 procurrit
985 2837 1165 2896 abstulerat.

119 2947 147 2992 12
167 2940 249 2998 Tum
262 2946 362 2999 mater
377 2959 472 3014 orare,
487 2940 616 3015 hortari,
632 2941 736 3001 iubere
751 2961 875 3019 quoquo
896 2942 987 3001 modo
1008 2941 1166 3017 fugerem3
1187 2958 1216 3003 25

166 3063 258 3122 posse
279 3044 363 3103 enim
384 3044 537 3120 iuvenem,
554 3064 586 3105 se
601 3052 632 3105 et
643 3046 734 3105 annis
749 3052 780 3105 et
795 3065 920 3124 corpore
942 3066 1066 3121 gravem
1089 3048 1167 3107 bene

167 3149 359 3225 morituram,
376 3150 403 3210 si
418 3150 496 3208 mihi
518 3170 612 3210 causa
631 3151 741 3212 mortis
765 3171 827 3210 non
845 3152 966 3212 fuisset.
1010 3153 1077 3227 Ego
1099 3170 1168 3211 con-

166 3259 217 3314 tra
240 3255 362 3314 salvum
377 3274 425 3314 me
440 3255 502 3314 nisi
523 3275 586 3314 una
599 3275 662 3315 non
676 3257 831 3315 futurum:
858 3257 930 3316 dein
951 3276 1077 3316 manum
1099 3257 1166 3317 eius

166 3358 340 3436 amplexus,
355 3360 469 3419 addere
492 3361 622 3435 gradum
637 3380 720 3437 cogo,
763 3362 857 3422 Paret
878 3381 968 3438 aegre
982 3363 1166 3439 incusatque

120 3485 146 3530 13
166 3483 199 3524 se
221 3465 305 3541 quod
332 3484 381 3524 me
409 3471 554 3525 moretur.
599 3470 665 3526 lam
693 3467 780 3542 cinis,
802 3468 903 3527 adhuc
927 3474 1033 3527 tamen
1060 3487 1164 3527 rarus:
1185 3487 1215 3532 30

165 3570 316 3647 respicio;
340 3571 437 3631 densa
461 3571 560 3647 caligo
585 3572 681 3647 tergis
706 3572 898 3648 imminebat,
924 3593 1002 3650 quae
1029 3592 1086 3632 nos
1107 3579 1167 3632 tor-

165 3675 265 3736 rentis
293 3676 385 3736 modo
412 3675 519 3737 infusa
546 3682 649 3737 terrae
675 3679 869 3756 sequebatur.
922 3678 1165 3740 ‘Deflectamus'
