2664 4170
505 288 766 339 srrsrunnnum
789 288 823 339 x,
843 289 883 338 or.
972 319 973 322 ,
1127 276 1189 341 127

187 463 330 536 contagio
359 465 528 538 pervagata
555 469 621 535 est;
658 479 737 536 quae
765 460 890 519 videtur
918 459 989 520 sisti
1014 465 1046 519 et
1076 460 1189 536 corrigi

136 583 166 628 10
187 585 286 644 posse.
338 566 429 626 Certe
454 566 532 624 satis
556 570 680 625 constat
704 584 800 642 prope
825 565 887 624 iam
910 565 1050 625 desolata
1070 566 1189 643 templa

187 671 326 749 coepisse
347 670 497 730 celebrari
519 675 551 729 et
573 689 660 730 saera
680 670 845 729 sollemnia
865 671 920 729 diu
941 670 1122 731 intermissa
1146 690 1190 729 re-

187 777 253 855 peti
275 782 462 854 pastumque
486 776 590 834 venire
613 775 820 850 victimarum,
837 776 926 835 euius
947 776 1049 835 adhuc
1070 777 1189 836 rarissi-

187 902 257 942 mus
286 887 407 959 emptor
434 880 659 940 inveniebatur.
701 880 751 939 Ex
779 899 841 957 quo
868 880 963 940 facile
991 886 1040 940 est
1066 881 1223 958 opinarib

188 1006 266 1065 quae
281 987 374 1047 turba
386 985 548 1045 hominnm
563 985 722 1046 emendari
742 985 852 1063 possit,
869 986 897 1046 si
914 985 957 1046 sit
978 985 1188 1063 paenitentiae

187 1093 281 1152 loeus.

553 1223 627 1285 110.
659 1221 821 1303 (noun.)

499 1383 686 1434 TRAIANUS
708 1383 832 1434 PLINIO
856 1383 881 1435 S.

565 1530 691 1593 Trqy'oa's
703 1544 813 1581 amwer.

152 1691 165 1735 1
227 1677 343 1736 Aetum
357 1695 450 1754 quem
465 1675 610 1751 debuisti,
625 1676 668 1734 mi
686 1675 833 1750 Secunde,
849 1677 883 1735 in
904 1677 1099 1738 excutiendis
1121 1697 1189 1738 oau-

188 1783 231 1842 sis
252 1801 358 1841 eornm
380 1781 435 1859 qui
457 1781 629 1847 Christiani
644 1781 684 1840 ad
705 1787 737 1840 te
752 1781 849 1841 delati
864 1783 991 1842 fuerant
1006 1789 1130 1843 seeutus
1145 1802 1186 1842 es.

186 1888 299 1964 Neque
313 1886 396 1945 enim
411 1886 444 1944 in
459 1886 640 1946 universum
656 1885 777 1964 aliquid
791 1887 874 1963 quod
889 1887 979 1964 quasi
994 1893 1110 1947 certam
1128 1888 1189 1946 for·
1210 1899 1238 1943 10

152 2006 269 2051 amam
284 1992 399 2052 habeat
412 1991 562 2051 constitui
577 1997 689 2068 potest.
732 1992 944 2069 Conquirendi
965 2011 1028 2052 non
1050 1999 1136 2052 sunt:
1161 1993 1188 2052 si

188 2098 370 2157 deferantur
385 2103 416 2156 et
430 2102 610 2172 arguantur,
626 2096 776 2174 puniendi
792 2103 873 2172 sunt,
890 2098 935 2158 ita
952 2103 1057 2157 tamen
1076 2104 1112 2157 ut
1133 2098 1187 2175 qui

187 2202 348 2277 negaverit
363 2220 396 2262 se
411 2201 626 2262 Christianum
641 2221 708 2262 esse
725 2203 819 2280 idque
840 2221 873 2262 re
895 2204 964 2280 ipsa
985 2203 1188 2262 manifestum

187 2307 307 2382 feeerit,
319 2306 353 2365 id
367 2312 415 2366 est
430 2307 635 2384 supplicando
649 2307 716 2367 deis
730 2308 856 2383 nostris,
867 2308 1009 2384 quamvis
1025 2313 1187 2385 suspectus

187 2413 221 2471 in
248 2412 462 2490 praeteritum,
487 2413 612 2472 veniam
636 2431 675 2471 ex
703 2413 898 2490 paenitentia
925 2414 1069 2491 inpetrat.
1114 2413 1188 2474 Sine
1209 2427 1237 2472 15

187 2522 312 2576 auctore
340 2535 414 2577 vero
442 2517 594 2594 propositi
622 2516 723 2577 libelli
751 2518 784 2576 in
812 2518 899 2577 nullo
927 2519 1057 2578 erimine
1085 2520 1187 2579 losum

186 2622 300 2681 habere
314 2621 435 2681 debent.
478 2622 561 2681 Nam
576 2627 607 2681 et
625 2622 753 2699 pessimi
770 2623 907 2701 exempli
927 2642 984 2683 nee
1005 2624 1104 2683 nostri
1126 2643 1189 2690 sao·

186 2727 249 2787 euli
264 2732 320 2786 est.
